5244 6534
1127 633 1315 694 -7..„

482 836 564 900 miti
595 837 730 898 tormoss
753 851 795 908 es,
825 833 853 895 si
881 833 972 898 modo
998 852 1088 916 saepe
1117 833 1212 895 renis.
1261 831 1346 911 Quae
1375 830 1529 896 sententia
1556 833 1638 894 oerte
1659 847 1678 892 a
1699 831 1807 913 poetee
1830 826 1959 891 oonsilio

484 973 533 1036 est
553 970 754 1036 alienissime.
798 947 899 1034 Immo
926 951 988 1032 nisi
1008 959 1112 1033 omnia
1134 985 1184 1031 me
1206 957 1318 1030 indunt
1340 966 1493 1049 oppositio
1514 965 1546 1030 in
1569 965 1723 1048 Propertii
1744 964 1846 1029 verbis
1867 965 1959 1050 inest,

486 1125 545 1190 qna
561 1105 696 1206 Qynttia
716 1107 858 1188 quamvis
879 1103 951 1170 aliis
975 1104 1033 1170 hoe
1055 1104 1172 1168 externi
1193 1102 1305 1166 nitoris
1326 1100 1429 1166 studio
1452 1101 1585 1164 tormose
1606 1098 1703 1164 videri
1725 1101 1876 1183 potnerit,
1898 1101 1959 1185 ipsi

485 1245 588 1308 tamen
617 1242 749 1324 simplex
775 1239 939 1306 munditiis
970 1238 1061 1304 modo
1090 1257 1180 1322 saepe
1209 1239 1314 1304 veniat
1340 1236 1417 1300 satis
1439 1237 1545 1320 pnlora
1565 1254 1633 1299 esse
1654 1235 1776 1300 dieitur.
1822 1236 1960 1314 Quodsi

485 1379 567 1441 reete
590 1376 682 1446 sensi,
703 1377 863 1441 lenissima
884 1375 1025 1439 adhibita
1046 1375 1218 1439 mutatione
1239 1374 1331 1438 verba
1352 1373 1398 1435 ita
1419 1371 1578 1436 seribenda
1600 1374 1686 1435 sunt:

866 1509 1043 1574 Demonti
1064 1513 1146 1576 eette
1167 1509 1282 1593 poteris
1304 1479 1439 1572 t'ormom
1460 1507 1572 1572 rideri:
1677 1539 1681 1550 ·

936 1645 980 1709 Mi
1002 1647 1137 1708 formosa
1160 1645 1208 1706 sat
1226 1662 1268 1718 es,
1292 1619 1433 1708 simodo
1456 1611 1546 1728 saepo
1569 1646 1665 1709 venis.

490 1783 653 1850 Dementis
677 1783 759 1847 euim
788 1779 935 1844 venabulo
962 1799 1032 1844 enm
1061 1781 1114 1862 qui
1143 1779 1257 1844 iudioio
1284 1781 1386 1843 minus
1415 1780 1517 1844 valeat
1544 1797 1634 1862 posse
1663 1781 1831 1864 significari
1851 1783 1962 1849 dooent

491 1921 589 2004 ipsius
613 1920 703 1984 huius
726 1919 871 1983 carminis
893 1934 998 1981 versus
1019 1917 1151 1999 primus:

806 2051 896 2115 Nune
917 2054 1012 2117 etiam
1035 2053 1175 2128 intentos,
1198 2052 1333 2127 demens,
1356 2053 1480 2118 imitere
1501 2053 1666 2119 Britannos

488 2195 520 2256 et
544 2187 747 2254 Horatiannm
771 2189 848 2253 illud
1324 2207 1362 2252 an
1384 2193 1438 2252 tua
1460 2189 1585 2256 demens

699 2324 823 2389 vitibus
846 2325 878 2388 in
900 2327 982 2392 indis
1004 2327 1115 2391 dietari
1138 2327 1274 2390 earmina
1297 2327 1411 2390 matis?
1434 2327 1546 2410 [Serm.
1568 2330 1583 2392 Ι
1605 2330 1652 2406 10,
1678 2330 1744 2415 74].

617 2995 712 3059 Poeta
739 3012 775 3057 er
796 2993 953 3078 Lygdemo
984 3015 1071 3061 servo
1100 3015 1248 3078 quaerens
1278 3015 1337 3079 quo
1361 2999 1464 3063 animo
1494 2998 1612 3083 puella,
1633 2998 1684 3062 oui
1704 3017 1841 3064 amorem
1864 3001 1961 3066 uatus

487 3131 731 3207 renuntiaverat,
769 3133 912 3195 nuntium
948 3133 1106 3215 ingratum
1144 3133 1312 3216 aoeeperit,
1352 3153 1426 3198 num
1463 3137 1557 3200 emioi
1595 3133 1696 3216 iurgia
1727 3137 1856 3216 querulo
1886 3154 1960 3202 sono

488 3265 661 3347 repetierit,
688 3265 755 3347 ipse
777 3283 958 3348 responsum
990 3267 1079 3348 quate
1102 3271 1226 3351 exoptet
1248 3269 1308 3332 siti
1330 3269 1421 3352 tingit
1450 3272 1482 3334 et
1501 3269 1636 3354 puellam
1658 3269 1733 3332 haee
1756 3269 1848 3335 verbs
1869 3270 1961 3336 eden-

489 3402 553 3463 tem
575 3400 650 3464 feeit
672 3398 730 3483 [IV
753 3401 783 3475 5,
808 3400 846 3463 19
868 3401 925 3488 eqd

741 3533 827 3597 Haeo
848 3539 879 3598 te
901 3537 982 3600 teste
1003 3537 1082 3600 mihi
1105 3539 1256 3619 promissa
1278 3543 1334 3614 est,
1357 3538 1523 3622 tygrane,
1546 3544 1686 3605 meroes?

828 3670 884 3733 Est
905 3689 1019 3754 poenae
1041 3691 1129 3736 servo
1151 3691 1291 3756 rumpere
1313 3667 1393 3738 test'e
1416 3673 1518 3739 fidem.

744 3801 801 3867 Ille
819 3808 922 3888 potest
942 3808 1026 3872 nullo
1048 3809 1194 3872 miserem
1218 3828 1268 3872 me
1291 3811 1428 3892 linquere
1449 3811 1539 3886 teoto,

825 3942 999 4030 Aequalem
1018 3943 1103 4007 nulla
1124 3944 1225 4008 dieere
1247 3945 1358 4009 habere
1380 3945 1481 4010 domo.

741 4076 862 4140 Gaudet
894 4095 944 4140 mo
977 4095 1071 4142 naono
1104 4080 1202 4143 sotem
1235 4080 1391 4145 tabescere
1423 4083 1513 4146 teoto.

829 4211 863 4276 Si
884 4213 987 4295 placet
1008 4213 1146 4290 insultet,
1170 4213 1335 4298 Lygdame‚
1356 4183 1457 4281 morte
1479 4233 1558 4280 mee.

618 4342 781 4408 Distiohon
809 4347 888 4427 quod
918 4349 1016 4411 attero
1045 4349 1113 4411 loeo
1140 4350 1300 4432 posuimus
1329 4352 1586 4433 quemadmodum
1613 4350 1753 4433 intellegi
1775 4349 1885 4413 debeat
1906 4349 1960 4412 ot-

490 4495 612 4541 sourum
645 4480 701 4541 est.
753 4481 891 4546 Priorem
920 4483 1003 4546 enirn
1034 4501 1155 4548 uersum
1184 4469 1404 4569 interrogantis
1432 4505 1498 4550 esse
1526 4487 1664 4569 plerique
1691 4487 1832 4550 sumunt
1861 4487 1892 4548 et
1916 4486 1962 4550 sio

491 4613 744 4697 interpretantur:
790 4618 884 4698 qnid?
916 4621 1057 4702 potestne
1079 4619 1134 4684 ille
1154 4639 1205 4684 me
1224 4622 1369 4686 miseram
1385 4621 1532 4697 deserere,
1555 4623 1640 4687 nullo
1655 4623 1745 4730 t'aotp,
1767 4619 1799 4682 id
1821 4621 1962 4684 osteum

491 4749 569 4813 nihil
592 4751 717 4814 omnino
740 4749 885 4816 fecerim?
928 4754 964 4816 In
985 4755 1034 4818 his
1054 4759 1158 4820 eutem
1176 4756 1263 4820 valde
1281 4757 1396 4840 frigent
1418 4775 1453 4820 ea
1475 4759 1541 4841 ipse
1564 4758 1656 4822 verba
1676 4757 1708 4819 in
1730 4757 1841 4838 quibus
1862 4757 1960 4820 totins

491 4886 661 4950 sententiae
691 4886 738 4950 vis
764 4887 863 4951 inest:
894 4888 988 4952 ‘nullo
1014 4889 1115 4954 faeto'.
1158 4891 1362 4974 Expectamns
1394 4894 1476 4957 enirn
1500 4893 1603 4976 pentlo
1632 4893 1784 4976 apertiore
1812 4893 1959 4957 vocabulo

492 5017 698 5086 innocentiam
718 5023 839 5106 puellae
861 5021 1024 5100 declarari,
1047 5025 1132 5090 velut
1156 5028 1250 5091 ‘nullo
1271 5031 1412 5110 pensato,
1440 5028 1623 5093 commisso'.
1668 5027 1728 5093 Sed
1749 5027 1808 5093 hoo
1829 5048 1899 5094 oum
1921 5030 1960 5094 sd
