5244 6534
1291 618 1478 680 ..g--

656 831 767 880 ansam
792 812 902 882 redeat¹
919 818 1026 898 suapte
1049 819 1159 884 natura
1180 815 1340 884 incertum.
1356 820 1417 885 est:
1440 818 1553 882 eortius
1575 817 1656 900 quod
1677 819 1775 886 altera
1799 821 2036 905 enuntiatipars
2052 841 2131 905 peus-

652 953 785 1016 tamstro
809 951 928 1018 inclusa

1064 1087 1246 1168 Aequalem.
1261 1087 1352 1150 nulla.
1369 1086 1469 1156 diacre
1491 1088 1602 1154 habere
1627 1089 1718 1157 domo

655 1221 740 1286 nullo
763 1225 854 1304 pacto
877 1240 951 1286 cum
970 1223 1146 1288 hexametro
1170 1223 1328 1288 conciliari
1349 1223 1471 1306 potest.
1507 1223 1601 1302 aare
1614 1224 1703 1292 enimi
1718 1224 1914 1306 conqueritur
1932 1224 2011 1305 quod
2034 1225 2129 1290 ‘nullu

651 1356 744 1420 iacto'
771 1356 881 1421 relicta
911 1358 968 1434 sit,
998 1358 1125 1423 eandem
1155 1359 1285 1424 minime
1315 1359 1401 1439 queri
1428 1358 1516 1424 decet
1542 1357 1623 1439 quod
1650 1358 1768 1424 amicus
1794 1360 1929 1443 puellam
1958 1359 2129 1442 ‘aequalem

648 1491 767 1554 nulla
797 1491 908 1556 babere
936 1493 1035 1558 domo*
1058 1493 1158 1560 dicere
1184 1495 1292 1578 possit.
1338 1493 1437 1558 lmmo
1465 1495 1562 1558 altera
1590 1493 1665 1558 haec
1694 1494 1766 1556 suot
1789 1493 2011 1591 adseuerantisr
2037 1497 2130 1559 ‘certe

649 1627 729 1690 mibi
750 1627 910 1709 aequalem
938 1647 972 1691 so
995 1629 1106 1696 habere
1126 1632 1212 1698 nulla
1233 1633 1334 1698 dicere
1357 1631 1447 1695 domo
1476 1627 1603 1712 potest’,
1634 1627 1689 1692 illa
1718 1646 1789 1692 vero
1817 1629 1920 1711 priora
1940 1635 2026 1695 erant
2046 1633 2128 1697 indi-

644 1761 827 1847 gnabundae
849 1763 1111 1846 interrogationis.
1139 1768 1286 1850 Apparet,
1301 1769 1386 1849 pute.
1402 1783 1494 1848 quam
1509 1764 1591 1831 male
1606 1764 1699 1828 liuius
1713 1763 1867 1830 enuntimi
1880 1767 1984 1848 partes
1999 1767 2081 1832 inter
2095 1787 2128 1834 se

648 1899 765 1961 coeant.
816 1897 881 1961 Aut
910 1899 1007 1982 igitur
1035 1903 1221 1983 pentametri
1238 1900 1404 1966 'sententia
1433 1899 1558 1982 dempta
1584 1900 1747 1982 negatione
1769 1901 1815 1964 ita
1837 1901 2054 1992 contormanda
2081 1909 2129 1971 cst

646 2035 682 2096 ut
715 2034 746 2098 in
774 2035 1010 2100 asseverationis
1042 2037 1144 2100 locum
1172 2037 1316 2102 succedat
1343 2036 1532 2119 indignatio„
1564 2037 1622 2100 aut
1651 2036 1746 2118 priori
1780 2038 1881 2102 versui
1904 2036 2127 2120 indignationis

649 2171 735 2234 color
761 2169 992 2252 abstergendos.
1037 2171 1176 2235 Priorem
1197 2172 1351 2236 medelam
1373 2171 1516 2236 adhibuit
1544 2171 1571 2234 is
1594 2171 1647 2253 qui
1669 2189 1764 2254 nuper
1786 2173 1842 2237 has
1864 2173 2032 2256 lyricorum
2052 2192 2130 2257 poe-

654 2307 755 2368 tarum
777 2305 929 2386 reliquias
947 2306 1046 2372 edidit
1067 2324 1137 2372 cum
1160 2307 1308 2372 scriberet

1040 2441 1209 2524 aequalem
1232 2443 1357 2508 multa
1377 2442 1479 2506 dicere
1501 2441 1612 2506 habere
1634 2440 1733 2510 domo.

780 2579 929 2640 Attamen
950 2577 1006 2640 bac
1029 2577 1201 2642 mutatione
1224 2579 1423 2659 quantumvis
1450 2579 1535 2640 l'acili
1557 2576 1711 2641 sententie
1731 2577 1957 2658 pessumdatur,
1980 2579 2125 2658 quoniam

648 2711 827 2793 Propertius
853 2711 1031 2776 nonnullo
1058 2711 1159 2776 vivere
1183 2713 1321 2776 eonsilio'
1347 2713 1501 2796 putandus
1524 2714 1585 2786 est,
1612 2710 1665 2776 sad
1692 2715 1793 2775 certae
1821 2712 1980 2776 cuiusdam
2005 2714 2126 2796 puellas

651 2847 806 2910 illecebris
830 2849 936 2929 captus
959 2851 1094 2912 veterem
1116 2849 1249 2912 amiram
1272 2847 1444 2911 deseruisse
1466 2846 1602 2921 videtum
1622 2847 1659 2910 cf.
1683 2867 1711 2910 v.
1727 2847 1779 2909 25.
1824 2846 1904 2910 ·Non
1925 2866 1975 2910 me
1990 2849 2127 2944 moribus

648 2982 724 3046 illa
745 2981 797 3044 sed
824 2981 926 3047 barbis
950 2983 1076 3064 inproba
1100 2984 1191 3052 vicit’.
1234 2981 1394 3062 Quomodo
1424 2983 1521 3065 igitur
1541 2981 1701 3064 aequalem
1727 2981 1856 3046 multa,
1871 2981 1963 3047 domo
1984 3002 2052 3047 sese
2072 2985 2128 3049 ha·

652 3117 721 3180 bere
742 3116 843 3206 dicero
865 3117 1001 3199 potuerit
1023 3135 1081 3179 nou
1104 3118 1263 3202 intellego.

777 3253 894 3334 ltaque
907 3252 947 3316 ad
968 3252 1106 3342 alteram.
1119 3251 1269 3318 rationem
1295 3252 1531 3334 conbgieadum
1554 3254 1620 3327 est..
1633 3271 1713 3318 cum,
1725 3253 2013 3335 pmeeertimrprion
2025 3273 2130 3320 versus

650 3377 754 3468 peccet
784 3389 889 3450 contra
921 3391 1025 3450 uotam
1052 3386 1139 3450 illurn
1170 3395 1345 3468 certamque
1366 3387 1555 3452 Lachmanui
1585 3387 1846 3462 observationem,
1876 3405 1936 3468 qua
1958 3392 2078 3454 ratores
2098 3391 2130 3454 in

648 3521 749 3590 lacti
773 3523 919 3587 uocabulo
941 3522 1091 3604 singulari
1115 3541 1240 3586 numero
1262 3521 1363 3604 posito
1387 3521 1519 3586 subiecti
1543 3521 1744 3586 variationem
1766 3540 1826 3586 uon
1847 3522 2012 3588 admisisse
2025 3523 2131 3588 docuit

648 3656 699 3746 [ad
723 3657 812 3721 Lucr.
841 3679 870 3741 p.
894 3657 959 3740 63].
1014 3659 1144 3722 Accedit
1170 3659 1251 3739 quod
1283 3657 1381 3720 iacti
1413 3657 1558 3722 vocabulo
1592 3657 1822 3739 praetoriano
1853 3657 1956 3722 locum
1979 3674 2130 3739 nusquam

651 3793 828 3874 Propertius
851 3811 925 3857 usus
944 3811 1011 3856 esse
1035 3793 1163 3858 videtur.

776 3930 835 3994 His
863 3930 1151 3994 ratiocinationibus
1181 3927 1245 3994 iarn
1277 3945 1313 3990 eo
1335 3925 1514 3990 deducimur
1535 3927 1571 3988 ut
1591 3926 1633 3990 iu
1649 3928 1706 3991 hoc
1727 3927 1795 4010 ipso
1818 3927 1965 3991 vocabulo
1986 3927 2131 3992 mendam

648 4069 774 4128 subesse
807 4066 1007 4148 suspicemur.
1058 4066 1164 4146 Atque
1191 4063 1308 4146 duplex.
1329 4059 1511 4128 emendandi
1540 4059 1590 4126 rie
1619 4061 1708 4126 nobis
1737 4065 1839 4146 patet:
1878 4065 1932 4127 aut
1961 4065 2045 4128 enim
2072 4082 2133 4129 una

649 4201 756 4264 littera
778 4201 903 4283 dempta
925 4201 1056 4265 scribere
1078 4200 1153 4263 licet

983 4335 1043 4400 Ille
1062 4335 1166 4418 potest
1187 4331 1272 4398 nullo
1288 4329 1436 4402 miseram
1456 4347 1506 4392 me
1529 4330 1668 4411 linquere
1692 4331 1775 4396 lato

653 4469 853 4534 insolentioro
875 4469 996 4538 dicendi
1015 4471 1144 4544 ratione,
1164 4469 1219 4532 aut
1241 4463 1475 4548 reponendumz.

967 4604 1025 4670 llle
1046 4606 1151 4687 potest
1172 4603 1257 4668 nullo
1279 4598 1435 4664 miseram.
1448 4616 1499 4664 me
1521 4601 1665 4684 linquere.
1682 4605 1805 4688 paeto.

650 4735 760 4822 Itaque
780 4741 884 4823 puella
906 4741 1043 4823 primum
1065 4739 1292 4822 indignabundo
1313 4739 1452 4821 increpat
1475 4736 1638 4821 Propertii.
1652 4737 1828 4822 pontidium:

908 4876 995 4942 Haec
1019 4877 1051 4940 te
1073 4877 1157 4940 testa
1174 4874 1253 4942 mibi
1276 4875 1470 4958 promiserat,
1489 4873 1655 4958 Lypiauao,
1678 4877 1820 4942 mercae?

995 5011 1052 5076 list
1072 5029 1186 5094 pesum
1209 5029 1296 5074 servo
1319 5029 1460 5094 rumpere
1482 5011 1562 5076 teste
1583 5009 1687 5076 fidem.
