5242 6520
633 1759 668 1822 ln
699 1756 894 1820 nobilissimo
921 1756 976 1820 illo
1004 1755 1139 1819 carmine
1171 1773 1230 1836 quo
1251 1756 1429 1838 Propertius
1462 1755 1577 1818 limeris
1611 1754 1660 1817 sui
1689 1757 1759 1818 acta
1791 1753 1983 1834 formamque

500 1894 687 1976 praeseribit
717 1891 775 1978 [ΙΙΙ
800 1891 869 1972 13],
899 1890 1031 1973 sepulcri
1060 1888 1141 1972 apud
1170 1895 1309 1972 posteros
1342 1891 1456 1954 lamam
1478 1889 1639 1973 auspicans
1661 1889 1700 1952 ad
1723 1889 1889 1972 cynthiam
1911 1907 1983 1952 eon-

505 2045 592 2091 verso
616 2043 756 2090 sermone
779 2024 867 2088 addit
889 2024 945 2108 [39
967 2027 1046 2108 sq.]:

778 2159 826 2223 Tu
849 2177 968 2242 quoque
991 2160 1159 2243 siquando
1184 2160 1286 2224 venies
1308 2159 1345 2224 ad
1369 2161 1441 2226 tiata.
1465 2165 1632 2228 memento.

864 2295 932 2359 Hoc
954 2295 1014 2359 iter
1036 2295 1075 2358 ad
1096 2295 1214 2378 lapides
1237 2314 1313 2359 uana
1336 2296 1405 2360 veni
1427 2314 1590 2365 memores.

820 2431 941 2493 Interea
974 2448 1048 2493 eave
1081 2429 1124 2492 sis
1158 2449 1214 2494 nos
1244 2435 1407 2514 aspernata
1437 2433 1590 2513 sepultos:

863 2565 1027 2630 Nonnihil
1049 2564 1085 2628 ad
1112 2583 1217 2629 verum
1240 2567 1362 2630 conseia
1384 2569 1466 2630 terra
1489 2568 1579 2650 sapit.

500 2704 624 2766 Primus
645 2700 904 2782 quemadmodum
927 2700 1002 2763 haee
1021 2700 1229 2783 intellegenda
1251 2702 1315 2765 sint
1329 2705 1484 2786 perspexit
1499 2703 1722 2777 bethmannus,
1738 2720 1809 2768 uum
1825 2703 1870 2768 ita
1885 2704 1982 2768 inter.
2072 2707 2076 2720 “

500 2836 686 2920 pretaretur:
709 2833 766 2898 ‘Tu
784 2837 904 2916 quoque
925 2853 994 2898 oum
1019 2836 1171 2910 morieris,
1192 2836 1247 2900 illo
1271 2856 1411 2921 supremo
1433 2839 1544 2902 mortis
1566 2838 1676 2901 itinere
1691 2837 1728 2902 ad
1745 2839 1980 2904 monumentum

500 2974 640 3036 nostrum
668 2971 701 3032 te
731 2969 866 3033 conferre
888 2969 1064 3051 ibidemque
1086 2973 1226 3054 componi
1251 2974 1448 3039 memineris'.
1493 2975 1639 3038 Attamen
1663 2974 1695 3036 in
1717 2972 1775 3036 hae
1796 2973 1981 3056 interpreta-

498 3109 584 3172 tione
614 3104 645 3169 id
670 3104 752 3168 male
783 3123 833 3167 me
861 3103 954 3169 habet
983 3105 1063 3188 quod
1091 3083 1305 3172 Laolrmannus
1334 3109 1402 3172 ‘hoo
1428 3107 1495 3172 iter’
1517 3108 1553 3172 de
1577 3109 1686 3172 itinere
1711 3109 1766 3172 illo
1788 3108 1979 3173 tenebricoso

498 3241 578 3306 unde
601 3240 714 3322 negant
736 3240 835 3304 redire
857 3257 1042 3322 quemquam
1064 3243 1181 3308 dictum
1204 3262 1270 3307 esse
1292 3245 1414 3309 statuit.
1457 3244 1615 3308 Nimirum
1635 3246 1710 3307 haeo
1727 3245 1891 3308 translatio
1913 3247 1980 3308 tur-

499 3378 590 3442 batur
617 3393 651 3438 eo
675 3376 755 3456 quod
777 3376 956 3459 Propertius
978 3377 1070 3442 finem
1091 3397 1150 3460 quo
1173 3381 1233 3444 iter
1254 3377 1331 3443 illud
1354 3379 1548 3462 dirigendum
1571 3381 1613 3443 sit
1635 3379 1763 3454 eddidit,
1785 3381 1905 3444 scilieet
1927 3381 1980 3444 ‘nd

501 3511 619 3596 lapides
639 3511 823 3584 memores,
850 3529 909 3593 quo
932 3511 1143 3578 additamento
1166 3533 1201 3577 er
1223 3515 1294 3579 Oroi
1317 3516 1451 3579 tenebris
1473 3515 1505 3579 in
1529 3515 1607 3580 hane
1627 3517 1728 3579 luoem
1750 3515 1842 3596 atque
1865 3517 1979 3578 terram

499 3667 688 3714 revocamur.
732 3647 780 3709 Ao
801 3647 828 3710 si
851 3649 919 3728 quis
941 3649 1000 3712 hoc
1021 3668 1057 3712 ex
1073 3651 1203 3714 notabili
1222 3651 1276 3713 illa
1289 3651 1513 3733 cogitationum
1532 3651 1708 3714 contusione
1724 3651 1872 3734 explicari
1887 3669 1979 3734 posse

501 3781 674 3857 crediderit,
698 3783 948 3865 quaAugustere
970 3787 1082 3850 aetatis
1102 3788 1211 3869 poetae
1234 3805 1268 3850 ea
1287 3805 1364 3869 quae
1386 3786 1423 3850 ad
1447 3786 1614 3850 inferorum
1633 3803 1727 3868 regna
1738 3787 1893 3867 pertinent
1907 3805 1977 3850 oum

500 3923 702 3984 humanarum
731 3921 944 4002 exsequiarum
973 3921 1085 3986 ritibus
1113 3922 1297 4005 permiscere
1325 3881 1532 3996 solentiam
1553 3922 1615 3985 elia
1635 3923 1773 3984 remanet
1796 3920 1978 3995 dillioultus3

500 4053 709 4117 Confidentiae
740 4055 822 4119 enim
853 4054 1066 4122 lnohmannus
1100 4060 1168 4121 ‘hoe
1190 4058 1250 4121 iter
1272 4097 1294 4105 -ι
1335 4059 1414 4121 veni’
1445 4062 1528 4121 reete
1558 4057 1676 4122 dietum
1712 4073 1779 4118 esse
1810 4056 1976 4119 contendit.

500 4207 577 4270 quae
605 4190 685 4253 enim
713 4189 828 4253 adtulit
857 4193 996 4274 exempla
1026 4205 1182 4276 ‘inagnum
1204 4194 1264 4257 iter
1285 4193 1434 4267 aseendo',
1466 4195 1602 4276 ‘longum
1624 4193 1684 4256 iter
1698 4189 1870 4274 proficisei’,
1895 4203 1977 4254 ‘oon-

500 4341 621 4386 oessum
653 4324 713 4388 iter
743 4322 859 4399 redire',
894 4326 964 4392 ‘iter
984 4328 1123 4411 gradiri,
1158 4348 1193 4392 ea
1220 4330 1314 4393 aliam
1345 4339 1514 4413 sequuntur
1539 4331 1706 4400 rationem,
1738 4328 1766 4390 si
1797 4326 1921 4408 quidem
1944 4329 1976 4390 in

404 4496 408 4504 ·
499 4459 642 4522 omnibus
665 4458 715 4522 his
738 4461 839 4524 verbis
861 4463 971 4526 eundi
995 4465 1080 4527 notio
1104 4467 1151 4529 est
1172 4467 1329 4548 primaria,
1352 4467 1488 4547 quaeat
1511 4462 1693 4529 veniendi
1714 4464 1862 4526 venabulo
1877 4463 1974 4526 abest.

498 4594 588 4658 Hane
615 4612 685 4658 vero
713 4593 912 4664 offensionem
940 4600 1063 4680 quiite
1091 4600 1207 4664 evitare
1229 4601 1391 4665 uoluerunt
1412 4605 1462 4674 nt,
1493 4601 1574 4664 sieut
1595 4600 1788 4683 rupen-imos
1808 4598 1907 4661 editor
1928 4598 1976 4661 in·
2088 4619 2094 4636 ¹*

498 4729 616 4805 stituit,
638 4747 811 4796 sermonem
833 4735 904 4814 post
926 4735 1004 4797 ‘iter'
1027 4737 1149 4818 plenius
1171 4736 1397 4819 distinguerent
1418 4737 1449 4800 et
1469 4736 1637 4800 seriberent

730 4857 731 4864 '
787 4855 789 4860 ’
816 4865 865 4931 Tu
887 4885 1006 4952 quoque
1028 4871 1196 4953 siquando
1218 4873 1323 4936 venies
1345 4872 1383 4936 ad
1406 4873 1479 4947 lata,
1502 4873 1658 4936 memento

877 5007 936 5072 hoe
956 5007 1030 5070 iter:
1054 5005 1093 5070 ad
1116 5007 1232 5092 lapides
1255 5025 1331 5072 cana
1353 5009 1421 5072 reni
1443 5025 1606 5072 memores.
