<?xml version="1.0" encoding="UTF-8"?>
<!DOCTYPE html PUBLIC "-//W3C//DTD XHTML 1.0 Transitional//EN"
    "http://www.w3.org/TR/xhtml1/DTD/xhtml1-transitional.dtd">
<html xmlns="http://www.w3.org/1999/xhtml" xml:lang="en" lang="en">
 <head>
  <title>
</title>
<meta http-equiv="Content-Type" content="text/html;charset=utf-8" />
  <meta name='ocr-system' content='tesseract 3.04.00' />
  <meta name='ocr-capabilities' content='ocr_page ocr_carea ocr_par ocr_line ocrx_word'/>
</head>
<body>
  <div class='ocr_page' id='page_1' title='image "./coniectaneaprop00kiesgoog_0014.png"; bbox 0 0 5242 6520; ppageno 0'>
   <div class='ocr_carea' id='block_1_1' title="bbox 1136 634 1323 696">
    <p class='ocr_par' dir='ltr' id='par_1_1' title="bbox 1136 634 1323 696">
     <span class='ocr_line' id='line_1_1' title="bbox 1136 634 1323 696; baseline -0.011 -13"><span class='ocrx_word' id='word_1_1' title='bbox 1136 634 1323 696; x_wconf 37' lang='lat'>49-</span> 
     </span>
    </p>
   </div>
   <div class='ocr_carea' id='block_1_2' title="bbox 492 829 1969 919">
    <p class='ocr_par' dir='ltr' id='par_1_2' title="bbox 492 829 1969 919">
     <span class='ocr_line' id='line_1_2' title="bbox 492 829 1969 919; baseline -0.004 -19"><span class='ocrx_word' id='word_1_2' title='bbox 492 837 574 902; x_wconf 84' lang='grc'>’1111</span> <span class='ocrx_word' id='word_1_3' title='bbox 606 835 732 919; x_wconf 82' lang='lat' dir='ltr'>pristini</span> <span class='ocrx_word' id='word_1_4' title='bbox 764 835 880 898; x_wconf 83' lang='lat' dir='ltr'>umoris</span> <span class='ocrx_word' id='word_1_5' title='bbox 910 833 1121 900; x_wconf 74' lang='lat' dir='ltr'><strong>recordatione</strong></span> <span class='ocrx_word' id='word_1_6' title='bbox 1156 831 1236 896; x_wconf 86' lang='lat' dir='ltr'>victa</span> <span class='ocrx_word' id='word_1_7' title='bbox 1267 829 1469 895; x_wconf 82' lang='lat' dir='ltr'>confidentius</span> <span class='ocrx_word' id='word_1_8' title='bbox 1502 849 1568 895; x_wconf 85' lang='lat' dir='ltr'>rem</span> <span class='ocrx_word' id='word_1_9' title='bbox 1599 849 1618 894; x_wconf 90' lang='grc'>1</span> <span class='ocrx_word' id='word_1_10' title='bbox 1646 831 1801 916; x_wconf 82' lang='lat' dir='ltr'>bygdamo</span> <span class='ocrx_word' id='word_1_11' title='bbox 1834 829 1969 895; x_wconf 77' lang='lat' dir='ltr'>delatam</span> 
     </span>
    </p>
   </div>
   <div class='ocr_carea' id='block_1_3' title="bbox 493 971 1630 1187">
    <p class='ocr_par' dir='ltr' id='par_1_3' title="bbox 493 971 1630 1187">
     <span class='ocr_line' id='line_1_3' title="bbox 493 971 1630 1053; baseline -0.01 -15"><span class='ocrx_word' id='word_1_12' title='bbox 493 991 598 1038; x_wconf 80' lang='lat' dir='ltr'>rerem</span> <span class='ocrx_word' id='word_1_13' title='bbox 620 989 688 1036; x_wconf 86' lang='lat' dir='ltr'>esse</span> <span class='ocrx_word' id='word_1_14' title='bbox 707 971 815 1053; x_wconf 79' lang='lat' dir='ltr'>negat:</span> <span class='ocrx_word' id='word_1_15' title='bbox 1628 1049 1630 1052; x_wconf 13' lang='grc' dir='ltr'><strong><em>ι</em></strong></span> 
     </span>
     <span class='ocr_line' id='line_1_4' title="bbox 788 1100 1604 1187; baseline -0.005 -19"><span class='ocrx_word' id='word_1_16' title='bbox 788 1104 846 1168; x_wconf 83' lang='lat' dir='ltr'>ille</span> <span class='ocrx_word' id='word_1_17' title='bbox 867 1105 970 1187; x_wconf 85' lang='lat' dir='ltr'>potest</span> <span class='ocrx_word' id='word_1_18' title='bbox 993 1103 1079 1168; x_wconf 91' lang='lat' dir='ltr'>nullo</span> <span class='ocrx_word' id='word_1_19' title='bbox 1100 1103 1249 1167; x_wconf 86' lang='lat' dir='ltr'>miseram</span> <span class='ocrx_word' id='word_1_20' title='bbox 1270 1119 1322 1165; x_wconf 92' lang='lat' dir='ltr'>me</span> <span class='ocrx_word' id='word_1_21' title='bbox 1344 1100 1481 1182; x_wconf 79' lang='lat' dir='ltr'>linquere</span> <span class='ocrx_word' id='word_1_22' title='bbox 1504 1101 1604 1184; x_wconf 85' lang='lat' dir='ltr'>pecto,</span> 
     </span>
    </p>
   </div>
   <div class='ocr_carea' id='block_1_4' title="bbox 872 1235 1528 1322">
    <p class='ocr_par' dir='ltr' id='par_1_4' title="bbox 872 1235 1528 1322">
     <span class='ocr_line' id='line_1_5' title="bbox 872 1235 1528 1322; baseline -0.003 -20"><span class='ocrx_word' id='word_1_23' title='bbox 872 1239 1043 1322; x_wconf 74' lang='lat' dir='ltr'>Aequolsm</span> <span class='ocrx_word' id='word_1_24' title='bbox 1063 1238 1148 1301; x_wconf 87' lang='lat' dir='ltr'>nulla</span> <span class='ocrx_word' id='word_1_25' title='bbox 1170 1237 1270 1302; x_wconf 89' lang='lat' dir='ltr'>dicere</span> <span class='ocrx_word' id='word_1_26' title='bbox 1294 1235 1404 1300; x_wconf 86' lang='lat' dir='ltr'>babere</span> <span class='ocrx_word' id='word_1_27' title='bbox 1426 1235 1528 1300; x_wconf 90' lang='lat' dir='ltr'>domo.</span> 
     </span>
    </p>
   </div>
   <div class='ocr_carea' id='block_1_5' title="bbox 494 1405 1973 2586">
    <p class='ocr_par' dir='ltr' id='par_1_5' title="bbox 494 1405 1971 1902">
     <span class='ocr_line' id='line_1_6' title="bbox 494 1405 1971 1494; baseline -0.001 -20"><span class='ocrx_word' id='word_1_28' title='bbox 494 1409 555 1475; x_wconf 86' lang='lat' dir='ltr'>Sed</span> <span class='ocrx_word' id='word_1_29' title='bbox 580 1411 689 1475; x_wconf 89' lang='lat' dir='ltr'>statim</span> <span class='ocrx_word' id='word_1_30' title='bbox 712 1427 748 1472; x_wconf 85' lang='lat' dir='ltr'>cx</span> <span class='ocrx_word' id='word_1_31' title='bbox 771 1409 878 1473; x_wconf 86' lang='lat' dir='ltr'>riualis</span> <span class='ocrx_word' id='word_1_32' title='bbox 899 1411 1020 1494; x_wconf 84' lang='lat' dir='ltr'>puellae</span> <span class='ocrx_word' id='word_1_33' title='bbox 1042 1408 1199 1474; x_wconf 81' lang='lat' dir='ltr'>mentione</span> <span class='ocrx_word' id='word_1_34' title='bbox 1219 1405 1319 1489; x_wconf 79' lang='lat' dir='ltr'>surgit</span> <span class='ocrx_word' id='word_1_35' title='bbox 1341 1405 1449 1469; x_wconf 85' lang='lat' dir='ltr'>acerba</span> <span class='ocrx_word' id='word_1_36' title='bbox 1470 1405 1618 1470; x_wconf 83' lang='lat' dir='ltr'>amatoris</span> <span class='ocrx_word' id='word_1_37' title='bbox 1642 1408 1759 1491; x_wconf 90' lang='lat' dir='ltr'>species</span> <span class='ocrx_word' id='word_1_38' title='bbox 1773 1425 1852 1472; x_wconf 86' lang='lat' dir='ltr'>nouo</span> <span class='ocrx_word' id='word_1_39' title='bbox 1867 1426 1971 1474; x_wconf 85' lang='lat' dir='ltr'>amore</span> 
     </span>
     <span class='ocr_line' id='line_1_7' title="bbox 495 1545 695 1609; baseline 0 -1"><span class='ocrx_word' id='word_1_40' title='bbox 495 1545 695 1609; x_wconf 81' lang='lat' dir='ltr'>luxuriantis:</span> 
     </span>
     <span class='ocr_line' id='line_1_8' title="bbox 830 1679 1549 1747; baseline -0.006 -2"><span class='ocrx_word' id='word_1_41' title='bbox 830 1680 951 1746; x_wconf 83' lang='lat' dir='ltr'>Gaudet</span> <span class='ocrx_word' id='word_1_42' title='bbox 970 1700 1020 1745; x_wconf 87' lang='lat' dir='ltr'>rna</span> <span class='ocrx_word' id='word_1_43' title='bbox 1042 1699 1136 1747; x_wconf 85' lang='lat' dir='ltr'>uacuo</span> <span class='ocrx_word' id='word_1_44' title='bbox 1159 1683 1259 1747; x_wconf 89' lang='lat' dir='ltr'>solam</span> <span class='ocrx_word' id='word_1_45' title='bbox 1280 1683 1436 1746; x_wconf 75' lang='lat' dir='ltr'>tabescere</span> <span class='ocrx_word' id='word_1_46' title='bbox 1459 1679 1549 1742; x_wconf 90' lang='lat' dir='ltr'>lecto.</span> 
     </span>
     <span class='ocr_line' id='line_1_9' title="bbox 915 1814 1652 1902; baseline -0.003 -20"><span class='ocrx_word' id='word_1_47' title='bbox 915 1817 948 1882; x_wconf 90' lang='lat' dir='ltr'>Si</span> <span class='ocrx_word' id='word_1_48' title='bbox 969 1819 1080 1902; x_wconf 87' lang='lat' dir='ltr'>placet,</span> <span class='ocrx_word' id='word_1_49' title='bbox 1104 1817 1243 1893; x_wconf 87' lang='lat' dir='ltr'>insultet,</span> <span class='ocrx_word' id='word_1_50' title='bbox 1266 1814 1432 1900; x_wconf 83' lang='lat' dir='ltr'>Lygdamc,</span> <span class='ocrx_word' id='word_1_51' title='bbox 1456 1817 1556 1880; x_wconf 86' lang='lat' dir='ltr'>morte</span> <span class='ocrx_word' id='word_1_52' title='bbox 1574 1835 1652 1880; x_wconf 84' lang='lat' dir='ltr'>mea.</span> 
     </span>
    </p>

    <p class='ocr_par' dir='ltr' id='par_1_6' title="bbox 495 1950 1972 2172">
     <span class='ocr_line' id='line_1_10' title="bbox 496 1950 1972 2037; baseline 0.001 -20"><span class='ocrx_word' id='word_1_53' title='bbox 496 1955 540 2017; x_wconf 81' lang='lat' dir='ltr'>At</span> <span class='ocrx_word' id='word_1_54' title='bbox 566 1953 652 2018; x_wconf 91' lang='lat' dir='ltr'>omni</span> <span class='ocrx_word' id='word_1_55' title='bbox 677 1953 709 2016; x_wconf 91' lang='lat' dir='ltr'>in</span> <span class='ocrx_word' id='word_1_56' title='bbox 736 1953 871 2018; x_wconf 88' lang='lat' dir='ltr'>amicum</span> <span class='ocrx_word' id='word_1_57' title='bbox 900 1955 1039 2037; x_wconf 85' lang='lat' dir='ltr'>deposita</span> <span class='ocrx_word' id='word_1_58' title='bbox 1065 1953 1234 2019; x_wconf 85' lang='lat' dir='ltr'>acrimonia</span> <span class='ocrx_word' id='word_1_59' title='bbox 1254 1952 1399 2035; x_wconf 83' lang='lat' dir='ltr'>perdidine</span> <span class='ocrx_word' id='word_1_60' title='bbox 1421 1951 1544 2033; x_wconf 89' lang='lat' dir='ltr'>culpam</span> <span class='ocrx_word' id='word_1_61' title='bbox 1566 1950 1598 2015; x_wconf 93' lang='lat' dir='ltr'>in</span> <span class='ocrx_word' id='word_1_62' title='bbox 1620 1951 1727 2016; x_wconf 87' lang='lat' dir='ltr'>riualis</span> <span class='ocrx_word' id='word_1_63' title='bbox 1750 1955 1832 2018; x_wconf 84' lang='lat' dir='ltr'>artes</span> <span class='ocrx_word' id='word_1_64' title='bbox 1854 1955 1972 2018; x_wconf 82' lang='lat' dir='ltr'>confert</span> 
     </span>
     <span class='ocr_line' id='line_1_11' title="bbox 495 2089 650 2172; baseline -0.013 -20"><span class='ocrx_word' id='word_1_65' title='bbox 495 2089 650 2172; x_wconf 85' lang='lat' dir='ltr'>magicas:</span> 
     </span>
    </p>

    <p class='ocr_par' dir='ltr' id='par_1_7' title="bbox 793 2221 1648 2309">
     <span class='ocr_line' id='line_1_12' title="bbox 793 2221 1648 2309; baseline -0.002 -21"><span class='ocrx_word' id='word_1_66' title='bbox 793 2225 862 2290; x_wconf 90' lang='lat' dir='ltr'>Non</span> <span class='ocrx_word' id='word_1_67' title='bbox 884 2246 934 2290; x_wconf 92' lang='lat' dir='ltr'>me</span> <span class='ocrx_word' id='word_1_68' title='bbox 957 2227 1096 2292; x_wconf 84' lang='lat' dir='ltr'>moribus</span> <span class='ocrx_word' id='word_1_69' title='bbox 1117 2225 1184 2298; x_wconf 88' lang='grc'>1111,</span> <span class='ocrx_word' id='word_1_70' title='bbox 1207 2221 1260 2288; x_wconf 89' lang='lat' dir='ltr'>sed</span> <span class='ocrx_word' id='word_1_71' title='bbox 1283 2223 1386 2288; x_wconf 80' lang='lat' dir='ltr'>herbis</span> <span class='ocrx_word' id='word_1_72' title='bbox 1409 2221 1535 2309; x_wconf 90' lang='lat' dir='ltr'>inproba</span> <span class='ocrx_word' id='word_1_73' title='bbox 1556 2223 1648 2286; x_wconf 87' lang='lat' dir='ltr'>vicit:</span> 
     </span>
    </p>

    <p class='ocr_par' dir='ltr' id='par_1_8' title="bbox 877 2359 1499 2428">
     <span class='ocr_line' id='line_1_13' title="bbox 877 2359 1499 2428; baseline -0.006 -3"><span class='ocrx_word' id='word_1_74' title='bbox 877 2361 1035 2428; x_wconf 77' lang='lat' dir='ltr'>staminea</span> <span class='ocrx_word' id='word_1_75' title='bbox 1056 2361 1179 2426; x_wconf 84' lang='lat' dir='ltr'><strong>rhombi</strong></span> <span class='ocrx_word' id='word_1_76' title='bbox 1202 2361 1324 2426; x_wconf 85' lang='lat' dir='ltr'>ducitur</span> <span class='ocrx_word' id='word_1_77' title='bbox 1346 2360 1399 2422; x_wconf 90' lang='lat' dir='ltr'>ille</span> <span class='ocrx_word' id='word_1_78' title='bbox 1421 2359 1499 2422; x_wconf 83' lang='lat' dir='ltr'>rota.</span> 
     </span>
    </p>

    <p class='ocr_par' dir='ltr' id='par_1_9' title="bbox 498 2495 1973 2586">
     <span class='ocr_line' id='line_1_14' title="bbox 498 2495 1973 2586; baseline -0.001 -24"><span class='ocrx_word' id='word_1_79' title='bbox 498 2499 591 2564; x_wconf 88' lang='lat' dir='ltr'>Vides</span> <span class='ocrx_word' id='word_1_80' title='bbox 614 2497 677 2563; x_wconf 83' lang='lat' dir='ltr'>iarn</span> <span class='ocrx_word' id='word_1_81' title='bbox 697 2515 789 2580; x_wconf 89' lang='lat' dir='ltr'>quarn</span> <span class='ocrx_word' id='word_1_82' title='bbox 813 2498 889 2561; x_wconf 88' lang='lat' dir='ltr'>bone</span> <span class='ocrx_word' id='word_1_83' title='bbox 920 2503 1010 2582; x_wconf 88' lang='lat' dir='ltr'>poeta</span> <span class='ocrx_word' id='word_1_84' title='bbox 1039 2497 1178 2562; x_wconf 89' lang='lat' dir='ltr'>animum</span> <span class='ocrx_word' id='word_1_85' title='bbox 1206 2496 1327 2580; x_wconf 84' lang='lat' dir='ltr'>puellae</span> <span class='ocrx_word' id='word_1_86' title='bbox 1356 2497 1437 2560; x_wconf 90' lang='lat' dir='ltr'>inter</span> <span class='ocrx_word' id='word_1_87' title='bbox 1464 2496 1525 2562; x_wconf 86' lang='lat' dir='ltr'>iras</span> <span class='ocrx_word' id='word_1_88' title='bbox 1559 2497 1651 2577; x_wconf 87' lang='lat' dir='ltr'>atque</span> <span class='ocrx_word' id='word_1_89' title='bbox 1683 2513 1769 2586; x_wconf 90' lang='lat' dir='ltr'>spem</span> <span class='ocrx_word' id='word_1_90' title='bbox 1795 2495 1973 2561; x_wconf 87' lang='lat' dir='ltr'>fluctuantis</span> 
     </span>
    </p>
   </div>
   <div class='ocr_carea' id='block_1_6' title="bbox 498 2636 679 2719">
    <p class='ocr_par' dir='ltr' id='par_1_10' title="bbox 498 2636 679 2719">
     <span class='ocr_line' id='line_1_15' title="bbox 498 2636 679 2719; baseline -0.006 -20"><span class='ocrx_word' id='word_1_91' title='bbox 498 2636 679 2719; x_wconf 77' lang='lat' dir='ltr'>depinxerit</span> 
     </span>
    </p>
   </div>
   <div class='ocr_carea' id='block_1_7' title="bbox 497 2983 1982 4968">
    <p class='ocr_par' dir='ltr' id='par_1_11' title="bbox 497 2983 1976 3887">
     <span class='ocr_line' id='line_1_16' title="bbox 624 2983 1975 3071; baseline 0.001 -19"><span class='ocrx_word' id='word_1_92' title='bbox 624 2989 760 3071; x_wconf 80' lang='lat' dir='ltr'>Augusti</span> <span class='ocrx_word' id='word_1_93' title='bbox 788 2988 949 3053; x_wconf 82' lang='lat' dir='ltr'>victoriam</span> <span class='ocrx_word' id='word_1_94' title='bbox 976 2987 1137 3054; x_wconf 81' lang='lat' dir='ltr'>actiacam</span> <span class='ocrx_word' id='word_1_95' title='bbox 1166 2984 1372 3050; x_wconf 70' lang='lat' dir='ltr'>celebraturus</span> <span class='ocrx_word' id='word_1_96' title='bbox 1403 2983 1471 3070; x_wconf 81' lang='grc'>[111.</span> <span class='ocrx_word' id='word_1_97' title='bbox 1494 2987 1529 3071; x_wconf 89' lang='grc'>8]</span> <span class='ocrx_word' id='word_1_98' title='bbox 1550 2987 1710 3070; x_wconf 80' lang='lat' dir='ltr'>ingenioso</span> <span class='ocrx_word' id='word_1_99' title='bbox 1737 3005 1813 3052; x_wconf 89' lang='lat' dir='ltr'>eone</span> <span class='ocrx_word' id='word_1_100' title='bbox 1843 2989 1975 3053; x_wconf 87' lang='lat' dir='ltr'>artificio</span> 
     </span>
     <span class='ocr_line' id='line_1_17' title="bbox 497 3120 1976 3208; baseline 0.001 -20"><span class='ocrx_word' id='word_1_101' title='bbox 497 3127 589 3208; x_wconf 89' lang='lat' dir='ltr'>poeta</span> <span class='ocrx_word' id='word_1_102' title='bbox 610 3123 760 3188; x_wconf 87' lang='lat' dir='ltr'>delicatus</span> <span class='ocrx_word' id='word_1_103' title='bbox 783 3123 906 3206; x_wconf 84' lang='lat' dir='ltr'>abipso</span> <span class='ocrx_word' id='word_1_104' title='bbox 930 3125 962 3188; x_wconf 94' lang='lat' dir='ltr'>in</span> <span class='ocrx_word' id='word_1_105' title='bbox 985 3141 1045 3205; x_wconf 88' lang='lat' dir='ltr'>quo</span> <span class='ocrx_word' id='word_1_106' title='bbox 1068 3122 1156 3204; x_wconf 90' lang='lat' dir='ltr'>quasi</span> <span class='ocrx_word' id='word_1_107' title='bbox 1172 3120 1293 3186; x_wconf 81' lang='lat' dir='ltr'>habitat</span> <span class='ocrx_word' id='word_1_108' title='bbox 1313 3139 1454 3186; x_wconf 78' lang='lat' dir='ltr'>emonem</span> <span class='ocrx_word' id='word_1_109' title='bbox 1476 3124 1657 3206; x_wconf 78' lang='lat' dir='ltr'>argumento</span> <span class='ocrx_word' id='word_1_110' title='bbox 1672 3123 1827 3206; x_wconf 84' lang='lat' dir='ltr'>protectus</span> <span class='ocrx_word' id='word_1_111' title='bbox 1843 3124 1976 3206; x_wconf 82' lang='lat' dir='ltr'>explicat</span> 
     </span>
     <span class='ocr_line' id='line_1_18' title="bbox 497 3255 1975 3342; baseline 0 -19"><span class='ocrx_word' id='word_1_112' title='bbox 497 3260 633 3342; x_wconf 89' lang='lat' dir='ltr'>primum</span> <span class='ocrx_word' id='word_1_113' title='bbox 657 3277 709 3322; x_wconf 89' lang='lat' dir='ltr'>our</span> <span class='ocrx_word' id='word_1_114' title='bbox 730 3259 846 3326; x_wconf 85' lang='lat' dir='ltr'>lemine</span> <span class='ocrx_word' id='word_1_115' title='bbox 868 3277 902 3322; x_wconf 92' lang='lat' dir='ltr'>se</span> <span class='ocrx_word' id='word_1_116' title='bbox 924 3258 981 3322; x_wconf 85' lang='lat' dir='ltr'>eub</span> <span class='ocrx_word' id='word_1_117' title='bbox 1003 3273 1058 3321; x_wconf 84' lang='lat' dir='ltr'>suu</span> <span class='ocrx_word' id='word_1_118' title='bbox 1079 3257 1149 3322; x_wconf 78' lang='lat' dir='ltr'>iure</span> <span class='ocrx_word' id='word_1_119' title='bbox 1169 3255 1328 3322; x_wconf 88' lang='lat' dir='ltr'>addictum</span> <span class='ocrx_word' id='word_1_120' title='bbox 1351 3258 1463 3322; x_wconf 84' lang='lat' dir='ltr'>trabat.</span> <span class='ocrx_word' id='word_1_121' title='bbox 1508 3258 1631 3323; x_wconf 83' lang='lat' dir='ltr'>Timere</span> <span class='ocrx_word' id='word_1_122' title='bbox 1653 3259 1737 3322; x_wconf 87' lang='lat' dir='ltr'>enirn</span> <span class='ocrx_word' id='word_1_123' title='bbox 1761 3277 1793 3324; x_wconf 90' lang='lat' dir='ltr'>se</span> <span class='ocrx_word' id='word_1_124' title='bbox 1809 3259 1975 3326; x_wconf 89' lang='lat' dir='ltr'>muliebres</span> 
     </span>
     <span class='ocr_line' id='line_1_19' title="bbox 499 3365 1976 3480; baseline 0.001 -22"><span class='ocrx_word' id='word_1_125' title='bbox 499 3395 620 3460; x_wconf 84' lang='lat' dir='ltr'>animos</span> <span class='ocrx_word' id='word_1_126' title='bbox 643 3395 783 3478; x_wconf 78' lang='lat' dir='ltr'>viresque</span> <span class='ocrx_word' id='word_1_127' title='bbox 804 3393 960 3460; x_wconf 87' lang='lat' dir='ltr'>interdum</span> <span class='ocrx_word' id='word_1_128' title='bbox 980 3394 1063 3458; x_wconf 88' lang='lat' dir='ltr'>ultra</span> <span class='ocrx_word' id='word_1_129' title='bbox 1085 3392 1160 3456; x_wconf 88' lang='lat' dir='ltr'>flues</span> <span class='ocrx_word' id='word_1_130' title='bbox 1180 3393 1219 3458; x_wconf 80' lang='lat' dir='ltr'>ab</span> <span class='ocrx_word' id='word_1_131' title='bbox 1241 3393 1309 3476; x_wconf 90' lang='lat' dir='ltr'>ipso</span> <span class='ocrx_word' id='word_1_132' title='bbox 1331 3365 1561 3462; x_wconf 79' lang='grc'>111111111111</span> <span class='ocrx_word' id='word_1_133' title='bbox 1585 3397 1668 3462; x_wconf 90' lang='lat' dir='ltr'>uirili</span> <span class='ocrx_word' id='word_1_134' title='bbox 1683 3397 1847 3480; x_wconf 86' lang='lat' dir='ltr'>adsumpto</span> <span class='ocrx_word' id='word_1_135' title='bbox 1864 3396 1976 3479; x_wconf 87' lang='lat' dir='ltr'>spiritu</span> 
     </span>
     <span class='ocr_line' id='line_1_20' title="bbox 500 3527 1976 3616; baseline 0.001 -22"><span class='ocrx_word' id='word_1_136' title='bbox 500 3531 707 3612; x_wconf 78' lang='lat' dir='ltr'>exsurgentes</span> <span class='ocrx_word' id='word_1_137' title='bbox 751 3531 860 3596; x_wconf 76' lang='grc'>111111</span> <span class='ocrx_word' id='word_1_138' title='bbox 884 3531 950 3594; x_wconf 90' lang='lat' dir='ltr'>eius</span> <span class='ocrx_word' id='word_1_139' title='bbox 972 3529 1017 3592; x_wconf 87' lang='lat' dir='ltr'>rei</span> <span class='ocrx_word' id='word_1_140' title='bbox 1038 3545 1106 3592; x_wconf 88' lang='grc'>1111</span> <span class='ocrx_word' id='word_1_141' title='bbox 1129 3527 1286 3605; x_wconf 82' lang='lat' dir='ltr'>Medeam,</span> <span class='ocrx_word' id='word_1_142' title='bbox 1310 3529 1549 3608; x_wconf 86' lang='lat' dir='ltr'>Penthesileam,</span> <span class='ocrx_word' id='word_1_143' title='bbox 1573 3533 1745 3616; x_wconf 82' lang='lat' dir='ltr'>Omphalen</span> <span class='ocrx_word' id='word_1_144' title='bbox 1768 3551 1845 3614; x_wconf 82' lang='lat' dir='ltr'>quae</span> <span class='ocrx_word' id='word_1_145' title='bbox 1868 3531 1976 3596; x_wconf 87' lang='lat' dir='ltr'>heroas</span> 
     </span>
     <span class='ocr_line' id='line_1_21' title="bbox 498 3633 1976 3752; baseline 0.003 -24"><span class='ocrx_word' id='word_1_146' title='bbox 498 3683 638 3730; x_wconf 91' lang='lat' dir='ltr'>summos</span> <span class='ocrx_word' id='word_1_147' title='bbox 659 3665 768 3748; x_wconf 86' lang='lat' dir='ltr'>iugum</span> <span class='ocrx_word' id='word_1_148' title='bbox 788 3665 855 3749; x_wconf 87' lang='lat' dir='ltr'>pati</span> <span class='ocrx_word' id='word_1_149' title='bbox 876 3665 1049 3748; x_wconf 82' lang='lat' dir='ltr'>coegerint,</span> <span class='ocrx_word' id='word_1_150' title='bbox 1080 3667 1194 3728; x_wconf 84' lang='lat' dir='ltr'>testem</span> <span class='ocrx_word' id='word_1_151' title='bbox 1222 3633 1424 3738; x_wconf 63' lang='lat' dir='ltr'>Semiramio,</span> <span class='ocrx_word' id='word_1_152' title='bbox 1454 3668 1568 3730; x_wconf 89' lang='lat' dir='ltr'>testem</span> <span class='ocrx_word' id='word_1_153' title='bbox 1597 3667 1728 3750; x_wconf 90' lang='lat' dir='ltr'>denique</span> <span class='ocrx_word' id='word_1_154' title='bbox 1750 3668 1976 3752; x_wconf 80' lang='lat' dir='ltr'>Aegyptiorum</span> 
     </span>
     <span class='ocr_line' id='line_1_22' title="bbox 499 3787 1755 3887; baseline -0.001 -21"><span class='ocrx_word' id='word_1_155' title='bbox 499 3803 638 3887; x_wconf 82' lang='lat' dir='ltr'>reginam</span> <span class='ocrx_word' id='word_1_156' title='bbox 661 3819 739 3884; x_wconf 86' lang='lat' dir='ltr'>quae</span> <span class='ocrx_word' id='word_1_157' title='bbox 759 3801 825 3866; x_wconf 93' lang='lat' dir='ltr'>illis</span> <span class='ocrx_word' id='word_1_158' title='bbox 844 3787 921 3884; x_wconf 87' lang='lat' dir='ltr'>ipsis</span> <span class='ocrx_word' id='word_1_159' title='bbox 944 3799 1135 3883; x_wconf 85' lang='lat' dir='ltr'>temporibus</span> <span class='ocrx_word' id='word_1_160' title='bbox 1160 3798 1307 3863; x_wconf 76' lang='lat' dir='ltr'>Romanis</span> <span class='ocrx_word' id='word_1_161' title='bbox 1328 3799 1491 3881; x_wconf 87' lang='lat' dir='ltr'>opprobria</span> <span class='ocrx_word' id='word_1_162' title='bbox 1512 3802 1607 3865; x_wconf 87' lang='lat' dir='ltr'>armis</span> <span class='ocrx_word' id='word_1_163' title='bbox 1630 3802 1755 3876; x_wconf 83' lang='lat' dir='ltr'>rexerit,</span> 
     </span>
    </p>

    <p class='ocr_par' dir='ltr' id='par_1_12' title="bbox 829 3934 1640 4153">
     <span class='ocr_line' id='line_1_23' title="bbox 829 3934 1640 4016; baseline 0 -16"><span class='ocrx_word' id='word_1_164' title='bbox 829 3938 922 4000; x_wconf 84' lang='lat' dir='ltr'>¹Auso</span> <span class='ocrx_word' id='word_1_165' title='bbox 941 3935 1010 3998; x_wconf 88' lang='grc'>1111</span> <span class='ocrx_word' id='word_1_166' title='bbox 1032 3938 1137 3998; x_wconf 88' lang='lat' dir='ltr'>nostro</span> <span class='ocrx_word' id='word_1_167' title='bbox 1160 3934 1324 3999; x_wconf 87' lang='lat' dir='ltr'>latrantem</span> <span class='ocrx_word' id='word_1_168' title='bbox 1346 3950 1497 4016; x_wconf 90' lang='lat' dir='ltr'>opponere</span> <span class='ocrx_word' id='word_1_169' title='bbox 1516 3935 1640 4000; x_wconf 83' lang='lat' dir='ltr'>Anubin</span> 
     </span>
     <span class='ocr_line' id='line_1_24' title="bbox 924 4067 1577 4153; baseline 0.003 -21"><span class='ocrx_word' id='word_1_170' title='bbox 924 4069 964 4132; x_wconf 82' lang='grc'>111</span> <span class='ocrx_word' id='word_1_171' title='bbox 985 4067 1124 4134; x_wconf 79' lang='lat' dir='ltr'>Tiberim</span> <span class='ocrx_word' id='word_1_172' title='bbox 1148 4068 1215 4132; x_wconf 89' lang='lat' dir='ltr'>Nili</span> <span class='ocrx_word' id='word_1_173' title='bbox 1238 4087 1346 4153; x_wconf 81' lang='lat' dir='ltr'>cogere</span> <span class='ocrx_word' id='word_1_174' title='bbox 1369 4068 1447 4130; x_wconf 84' lang='lat' dir='ltr'>ferre</span> <span class='ocrx_word' id='word_1_175' title='bbox 1467 4069 1577 4134; x_wconf 85' lang='lat' dir='ltr'>minas.</span> 
     </span>
    </p>

    <p class='ocr_par' dir='ltr' id='par_1_13' title="bbox 503 4185 1850 4286">
     <span class='ocr_line' id='line_1_25' title="bbox 503 4185 1850 4286; baseline 0.004 -19"><span class='ocrx_word' id='word_1_176' title='bbox 503 4205 546 4269; x_wconf 83' lang='lat' dir='ltr'>At</span> <span class='ocrx_word' id='word_1_177' title='bbox 569 4208 765 4286; x_wconf 87' lang='lat' dir='ltr'>quantumuis</span> <span class='ocrx_word' id='word_1_178' title='bbox 785 4206 914 4271; x_wconf 78' lang='lat' dir='ltr'>bomani</span> <span class='ocrx_word' id='word_1_179' title='bbox 937 4205 1085 4269; x_wconf 87' lang='lat' dir='ltr'>teminens</span> <span class='ocrx_word' id='word_1_180' title='bbox 1107 4203 1209 4268; x_wconf 82' lang='lat' dir='ltr'>minas</span> <span class='ocrx_word' id='word_1_181' title='bbox 1231 4201 1403 4278; x_wconf 83' lang='lat' dir='ltr'>timuerint,</span> <span class='ocrx_word' id='word_1_182' title='bbox 1425 4221 1505 4268; x_wconf 89' lang='lat' dir='ltr'>nuno</span> <span class='ocrx_word' id='word_1_183' title='bbox 1527 4207 1631 4270; x_wconf 84' lang='lat' dir='ltr'>omnia</span> <span class='ocrx_word' id='word_1_184' title='bbox 1655 4185 1722 4270; x_wconf 87' lang='lat' dir='ltr'>esse</span> <span class='ocrx_word' id='word_1_185' title='bbox 1743 4208 1850 4272; x_wconf 85' lang='lat' dir='ltr'>salua:</span> 
     </span>
    </p>

    <p class='ocr_par' dir='ltr' id='par_1_14' title="bbox 838 4338 1609 4558">
     <span class='ocr_line' id='line_1_26' title="bbox 838 4338 1592 4424; baseline 0.001 -19"><span class='ocrx_word' id='word_1_186' title='bbox 838 4341 1007 4407; x_wconf 86' lang='lat' dir='ltr'>Leucadius</span> <span class='ocrx_word' id='word_1_187' title='bbox 1031 4358 1134 4404; x_wconf 85' lang='lat' dir='ltr'>uersae</span> <span class='ocrx_word' id='word_1_188' title='bbox 1157 4339 1239 4403; x_wconf 88' lang='lat' dir='ltr'>acies</span> <span class='ocrx_word' id='word_1_189' title='bbox 1261 4338 1447 4404; x_wconf 85' lang='lat' dir='ltr'>memorabit</span> <span class='ocrx_word' id='word_1_190' title='bbox 1469 4340 1592 4424; x_wconf 82' lang='lat' dir='ltr'>Apollo.</span> 
     </span>
     <span class='ocr_line' id='line_1_27' title="bbox 923 4473 1609 4558; baseline 0.001 -18"><span class='ocrx_word' id='word_1_191' title='bbox 923 4475 1059 4540; x_wconf 86' lang='lat' dir='ltr'>Tantum</span> <span class='ocrx_word' id='word_1_192' title='bbox 1081 4473 1183 4558; x_wconf 89' lang='lat' dir='ltr'>operis</span> <span class='ocrx_word' id='word_1_193' title='bbox 1206 4473 1280 4538; x_wconf 84' lang='lat' dir='ltr'>belli</span> <span class='ocrx_word' id='word_1_194' title='bbox 1303 4473 1433 4538; x_wconf 87' lang='lat' dir='ltr'>sustulit</span> <span class='ocrx_word' id='word_1_195' title='bbox 1451 4493 1511 4538; x_wconf 83' lang='lat' dir='ltr'>une</span> <span class='ocrx_word' id='word_1_196' title='bbox 1533 4477 1609 4541; x_wconf 85' lang='lat' dir='ltr'>dies.</span> 
     </span>
    </p>

    <p class='ocr_par' dir='ltr' id='par_1_15' title="bbox 837 4611 1614 4818">
     <span class='ocr_line' id='line_1_28' title="bbox 837 4611 1614 4694; baseline 0 -19"><span class='ocrx_word' id='word_1_197' title='bbox 837 4612 880 4676; x_wconf 78' lang='lat' dir='ltr'>At</span> <span class='ocrx_word' id='word_1_198' title='bbox 901 4616 936 4675; x_wconf 89' lang='lat' dir='ltr'>tu</span> <span class='ocrx_word' id='word_1_199' title='bbox 958 4613 1024 4676; x_wconf 89' lang='grc'>1111</span> <span class='ocrx_word' id='word_1_200' title='bbox 1045 4613 1133 4694; x_wconf 87' lang='lat' dir='ltr'>petes</span> <span class='ocrx_word' id='word_1_201' title='bbox 1152 4611 1259 4691; x_wconf 89' lang='lat' dir='ltr'>portus</span> <span class='ocrx_word' id='word_1_202' title='bbox 1282 4625 1336 4671; x_wconf 85' lang='lat' dir='ltr'>een</span> <span class='ocrx_word' id='word_1_203' title='bbox 1358 4611 1462 4675; x_wconf 86' lang='lat' dir='ltr'>navita</span> <span class='ocrx_word' id='word_1_204' title='bbox 1483 4611 1614 4694; x_wconf 85' lang='lat' dir='ltr'>linques,</span> 
     </span>
     <span class='ocr_line' id='line_1_29' title="bbox 925 4744 1535 4818; baseline 0 -7"><span class='ocrx_word' id='word_1_205' title='bbox 925 4749 1065 4812; x_wconf 79' lang='lat' dir='ltr'>Caesarie</span> <span class='ocrx_word' id='word_1_206' title='bbox 1082 4749 1118 4818; x_wconf 76' lang='lat' dir='ltr'>¹in</span> <span class='ocrx_word' id='word_1_207' title='bbox 1142 4746 1210 4808; x_wconf 90' lang='lat' dir='ltr'>toto</span> <span class='ocrx_word' id='word_1_208' title='bbox 1232 4744 1276 4808; x_wconf 88' lang='grc'>111</span> <span class='ocrx_word' id='word_1_209' title='bbox 1298 4761 1417 4809; x_wconf 87' lang='lat' dir='ltr'>mernor</span> <span class='ocrx_word' id='word_1_210' title='bbox 1438 4746 1535 4812; x_wconf 90' lang='lat' dir='ltr'>Ionio.</span> 
     </span>
    </p>

    <p class='ocr_par' dir='ltr' id='par_1_16' title="bbox 632 4880 1982 4968">
     <span class='ocr_line' id='line_1_30' title="bbox 632 4880 1982 4968; baseline 0.001 -22"><span class='ocrx_word' id='word_1_211' title='bbox 632 4880 692 4946; x_wconf 85' lang='lat' dir='ltr'>llis</span> <span class='ocrx_word' id='word_1_212' title='bbox 728 4881 866 4946; x_wconf 82' lang='lat' dir='ltr'>versibus</span> <span class='ocrx_word' id='word_1_213' title='bbox 900 4882 1007 4946; x_wconf 88' lang='lat' dir='ltr'>linitur</span> <span class='ocrx_word' id='word_1_214' title='bbox 1040 4901 1162 4946; x_wconf 85' lang='lat' dir='ltr'>carmen</span> <span class='ocrx_word' id='word_1_215' title='bbox 1196 4881 1442 4956; x_wconf 71' lang='lat' dir='ltr'>nobilissimum</span> <span class='ocrx_word' id='word_1_216' title='bbox 1477 4883 1532 4948; x_wconf 90' lang='lat' dir='ltr'>sed</span> <span class='ocrx_word' id='word_1_217' title='bbox 1563 4885 1630 4968; x_wconf 89' lang='lat' dir='ltr'>ipse</span> <span class='ocrx_word' id='word_1_218' title='bbox 1659 4883 1772 4948; x_wconf 86' lang='lat' dir='ltr'>ultima</span> <span class='ocrx_word' id='word_1_219' title='bbox 1801 4882 1892 4947; x_wconf 81' lang='lat' dir='ltr'>verbu</span> <span class='ocrx_word' id='word_1_220' title='bbox 1923 4883 1982 4947; x_wconf 85' lang='lat' dir='ltr'>all·</span> 
     </span>
    </p>
   </div>
   <div class='ocr_carea' id='block_1_8' title="bbox 505 5017 1983 5176">
    <p class='ocr_par' dir='ltr' id='par_1_17' title="bbox 505 5017 1983 5176">
     <span class='ocr_line' id='line_1_31' title="bbox 505 5017 1983 5103; baseline 0.004 -26"><span class='ocrx_word' id='word_1_221' title='bbox 505 5018 687 5095; x_wconf 89' lang='lat' dir='ltr'>quantulum</span> <span class='ocrx_word' id='word_1_222' title='bbox 709 5018 831 5100; x_wconf 83' lang='lat' dir='ltr'>frigent.</span> <span class='ocrx_word' id='word_1_223' title='bbox 876 5018 954 5082; x_wconf 80' lang='lat' dir='ltr'>Cum</span> <span class='ocrx_word' id='word_1_224' title='bbox 980 5019 1063 5084; x_wconf 89' lang='lat' dir='ltr'>enim</span> <span class='ocrx_word' id='word_1_225' title='bbox 1095 5019 1185 5083; x_wconf 86' lang='lat' dir='ltr'>uerba</span> <span class='ocrx_word' id='word_1_226' title='bbox 1206 5017 1248 5082; x_wconf 74' lang='lat' dir='ltr'>‘lu</span> <span class='ocrx_word' id='word_1_227' title='bbox 1277 5020 1345 5083; x_wconf 91' lang='lat' dir='ltr'>toto</span> <span class='ocrx_word' id='word_1_228' title='bbox 1366 5019 1412 5082; x_wconf 85' lang='lat' dir='ltr'>sis</span> <span class='ocrx_word' id='word_1_229' title='bbox 1432 5037 1552 5086; x_wconf 87' lang='lat' dir='ltr'>memor</span> <span class='ocrx_word' id='word_1_230' title='bbox 1577 5019 1673 5085; x_wconf 67' lang='lat' dir='ltr'>Ionio*</span> <span class='ocrx_word' id='word_1_231' title='bbox 1694 5018 1893 5103; x_wconf 88' lang='lat' dir='ltr'>nonpossint</span> <span class='ocrx_word' id='word_1_232' title='bbox 1916 5019 1983 5083; x_wconf 90' lang='lat' dir='ltr'>sine</span> 
     </span>
     <span class='ocr_line' id='line_1_32' title="bbox 1754 5123 1772 5176; baseline 0 0"><span class='ocrx_word' id='word_1_233' title='bbox 1754 5123 1772 5176; x_wconf 78' lang='lat'>‘2</span> 
     </span>
    </p>
   </div>
   <div class='ocr_carea' id='block_1_9' title="bbox 0 0 2642 6516">
    <p class='ocr_par' dir='ltr' id='par_1_18' title="bbox 0 0 2642 6516">
     <span class='ocr_line' id='line_1_33' title="bbox 0 0 2642 6516; baseline 0 0"><span class='ocrx_word' id='word_1_234' title='bbox 0 0 2642 6516; x_wconf 95' lang='lat' dir='ltr'> </span> 
     </span>
    </p>
   </div>
  </div>
 </body>
</html>
