5244 6534
1280 597 1467 660 --4-

635 798 723 874 Tibi
750 799 943 890 offerretur,
978 821 1047 891 quo
1082 797 1222 894 publico
1258 819 1398 894 quoque
1421 796 1630 872 documento
1653 798 1689 871 in
1717 796 1822 871 huius
1845 795 1928 870 festi
1952 795 2021 871 dici
2049 823 2120 874 me-

641 953 790 1028 moriam
814 953 1091 1045 tesofioaremur
1118 961 1249 1046 quanto
1271 952 1388 1028 studio
1409 962 1609 1046 quantaque
1629 953 1686 1026 Te
1711 949 1957 1047 amplectimur
1978 951 2119 1046 pietate,

641 1109 769 1182 vellem
814 1129 901 1182 eane
941 1104 1115 1201 hodieque
1149 1105 1240 1180 iuter
1276 1127 1342 1180 noe
1383 1103 1517 1179 versari
1555 1104 1711 1200 collegae
1744 1104 1824 1179 illos
1862 1105 2119 1200 ornatissimos,

642 1259 840 1336 Arnoldum
867 1256 945 1333 dico
968 1259 1196 1334 Sohaeferum
1218 1269 1254 1334 et
1278 1257 1471 1334 Rudolfum
1498 1256 1722 1351 Schoellium
1744 1257 1803 1352 qui
1831 1255 2027 1332 studiorum
2053 1260 2119 1335 abs

642 1415 699 1487 'Pe
727 1412 959 1488 excitatorum
994 1414 1239 1488 communione
1265 1413 1348 1487 'Iibi
1383 1411 1640 1485 coniunctiores
1671 1432 1715 1483 ex
1749 1434 1793 1485 ea
1818 1413 1897 1508 ipsa
1922 1411 2117 1486 litterarum

646 1568 866 1640 Graecarum
893 1565 1075 1662 provincia
1100 1566 1137 1639 in
1160 1588 1231 1674 qua
1251 1568 1309 1641 Tu
1335 1565 1476 1641 habitae
1499 1563 1675 1660 grauioris
1697 1587 1860 1660 promere
1884 1577 2034 1675 possent
2047 1567 2117 1643 dis·

650 1719 844 1817 putationis
871 1717 1066 1792 materiam.
1119 1721 1297 1795 Hosvcro
1320 1718 1486 1815 quoniam
1507 1727 1703 1813 temporum
1729 1718 1994 1794 vicissitudines
2016 1722 2119 1796 nobie
2152 1712 2155 1718 ’

641 1873 878 1967 abstulerunt,
913 1895 1006 1946 nunc
1034 1895 1149 1946 meam
1178 1875 1299 1972 accipe
1331 1872 1486 1968 benigne
1514 1881 1632 1945 mente
1663 1873 1946 1966 qualemcunque
1967 1874 2118 1970 opellam
2144 1899 2149 1908 ·

638 2029 826 2124 vicariam,
850 2050 921 2120 qua
943 2024 1108 2102 iuvenilis
1125 2026 1262 2104 ardoris
1285 2028 1407 2124 magui
1430 2037 1558 2124 poetae
1580 2027 1755 2124 Propertii
1776 2049 1902 2101 versus
1929 2029 2115 2103 nonnullos

645 2183 834 2259 emendare
858 2190 1006 2255 conatus
1020 2203 1109 2254 oum.
1162 2181 1300 2274 Quodsi
1324 2180 1382 2256 his
1405 2182 1495 2256 meie
1521 2182 1626 2278 nugis
1653 2192 1693 2255 ut
1719 2182 1945 2256 severitatem
1969 2182 2114 2277 parulis·

638 2365 702 2437 per
727 2340 835 2414 fronti
858 2337 961 2411 Tuae
987 2345 1189 2412 excuterem
1226 2337 1311 2412 mihi
1342 2336 1528 2433 contigerit
1554 2359 1681 2434 operae
1699 2336 1851 2433 pretium
1873 2337 2002 2410 iecisse
2028 2335 2115 2410 mihi

638 2492 794 2568 videbor.
