5242 6520
1124 585 1331 647 --11-

912 787 1051 852 Caesaris
1074 785 1104 846 in
1126 784 1210 848 tuto
1232 781 1276 845 sis
1299 796 1418 844 memor
1441 777 1538 842 Ionio.

495 1187 581 1251 Libri
602 1183 688 1248 tertii
707 1197 828 1244 carmen
850 1177 1037 1260 vigesimum
1058 1174 1200 1251 alterum,
1222 1190 1282 1254 qno
1301 1189 1444 1235 excusare
1465 1170 1569 1234 studet
1581 1170 1759 1253 Propertius
1774 1187 1827 1233 cur
1844 1171 1969 1236 mollior

496 1323 538 1386 sit
559 1321 590 1383 in
615 1318 751 1402 puellas,
779 1315 928 1398 scriptum
957 1317 1005 1377 est
1025 1311 1063 1375 ad
1087 1309 1353 1392 Demophoontem
1375 1305 1526 1389 quendam
1549 1308 1630 1372 siout
1652 1326 1686 1369 ex
1713 1307 1850 1398 versibus
1871 1309 1969 1372 altero

495 1459 588 1536 atque
607 1455 701 1517 tertio
724 1451 843 1514 decimo
866 1448 1005 1530 adparet:

792 1587 858 1648 Scis
881 1586 951 1648 here
974 1585 1018 1648 mi
1040 1583 1155 1646 multas
1177 1581 1291 1664 pariter
1312 1581 1471 1663 placuisse.
1486 1580 1614 1661 puellas,

876 1722 942 1784 Scis
964 1721 1052 1795 mihi,
1077 1717 1287 1800 Demophoon,
1309 1717 1410 1780 multa
1431 1715 1535 1780 venire
1557 1716 1649 1778 mela.

795 1990 932 2068 Quaeris,
957 1988 1166 2071 Demophoon,
1190 1989 1323 2052 cursim
1346 1989 1412 2050 tem
1435 1987 1541 2050 mollis
1564 1988 1596 2050 iu
1618 1988 1743 2051 omnis?

625 2128 746 2191 Nomen
777 2125 884 2188 fictum
919 2143 986 2189 esse
1017 2126 1048 2188 et
1079 2123 1177 2187 latere
1205 2122 1262 2186 snb
1292 2121 1370 2186 liilsa
1400 2123 1457 2185 hae
1477 2122 1684 2205 appellatione
1704 2141 1764 2186 non
1788 2124 1971 2188 Graeculum

499 2264 650 2346 quendam
673 2263 725 2326 sed
748 2263 882 2326 amicum
906 2259 1044 2326 Romana
1066 2260 1162 2340 stirpe
1185 2259 1301 2332 ortum,
1326 2261 1431 2338 quales
1450 2259 1562 2339 reliqui
1584 2262 1655 2322 sunt
1677 2261 1831 2344 Propertii
1853 2261 1975 2325 sodales

499 2384 584 2448 velut
615 2383 739 2458 Tullus,
771 2381 895 2456 Gallus,
919 2380 1077 2453 Ponticus,
1106 2378 1173 2441 iure
1203 2378 1306 2440 nostro
1337 2395 1457 2441 sumere
1483 2378 1571 2442 uobis
1599 2378 1681 2444 licet.
1725 2380 1861 2445 invaluit
1891 2382 1974 2446 enim

497 2521 658 2604 Augustae
679 2522 780 2584 aetate
803 2536 871 2582 mos
895 2534 954 2598 quo
976 2514 1116 2579 homines
1138 2512 1221 2588 Itali,
1244 2532 1304 2576 non
1327 2532 1386 2594 quo
1407 2517 1489 2579 tecto
1512 2517 1635 2580 nomine
1657 2517 1756 2581 tutius
1779 2519 1890 2582 lacessi
1903 2538 1975 2602 pos-

500 2657 573 2730 sint,
607 2657 660 2718 sed
693 2655 782 2735 quasi
810 2652 935 2716 honoris
967 2671 1075 2716 caussa
1105 2653 1137 2716 in
1163 2653 1332 2716 amicorum
1363 2653 1481 2730 lusibus
1509 2653 1638 2735 poeticis
1661 2655 1836 2719 nominihus
1856 2657 1975 2739 graecis

502 2793 694 2854 notabantur.
745 2789 788 2852 Ea
814 2791 918 2852 autem
946 2790 1070 2853 nomina
1098 2807 1168 2854 cum
1195 2793 1319 2872 propter
1342 2789 1568 2852 diversissimas
1592 2790 1726 2854 rationes
1745 2794 1865 2876 imponi
1885 2798 1976 2876 potu-

502 2927 583 2991 erint
610 2944 732 3010 perraro
759 2925 846 2989 nohis
875 2943 946 2988 vera
968 2927 1129 2990 hominum
1151 2927 1275 2990 nomina
1297 2925 1441 3008 indagare
1464 2924 1548 2999 licet,
1572 2925 1653 2989 sicut
1674 2927 1879 3012 Bamhergero
1903 2949 1976 2993 con·

501 3063 575 3146 tigit
599 3068 634 3127 ut
656 3062 735 3147 apud
756 3061 923 3126 Horatium
945 3063 1001 3126 sub
1025 3062 1154 3145 Telephi
1176 3081 1304 3146 persona
1326 3063 1423 3125 latere
1445 3061 1640 3124 Proculeium
1663 3082 1698 3126 er
1721 3065 1819 3129 simili
1846 3067 1976 3130 voeabu-

501 3200 602 3264 lorum
645 3199 870 3284 significatione
913 3199 1073 3262 ostendere
1112 3202 1225 3282 posset.
1305 3202 1454 3262 Attamen
1484 3197 1750 3280 Demophoontem
1785 3203 1875 3266 illum
1907 3205 1976 3286 quis

502 3335 595 3398 fuerit
625 3338 686 3400 nisi
717 3339 915 3403 uehementer
945 3336 1036 3400 lallor
1066 3334 1277 3400 demonstrare
1306 3354 1441 3419 possum.
1495 3333 1662 3398 Notissimi
1692 3338 1773 3401 anim
1803 3343 1875 3403 sunt
1897 3343 1975 3423 apud

502 3471 679 3552 Augusteae
694 3476 805 3539 aetatis
826 3477 934 3557 poetas
947 3471 1190 3554 Demophoontis
1213 3474 1305 3552 atque
1320 3471 1481 3554 Phyllidos
1503 3489 1633 3544 amores,
1656 3473 1735 3537 unde
1751 3475 1880 3539 Ovidius
1897 3477 1978 3559 epis-

503 3606 587 3670 tulae
619 3608 748 3672 alterius
777 3611 992 3691 argumentum
1015 3609 1158 3692 sumpsit,
1190 3625 1326 3689 quosque
1353 3607 1531 3689 Propertius
1565 3626 1635 3671 eum
1658 3608 1770 3672 Thesei
1805 3616 1980 3696 composuit

502 3744 645 3826 pertidia:

719 3882 816 3946 Pareo
840 3881 948 3944 dilexit
970 3881 1069 3962 spatio
1092 3879 1231 3944 Minoida
1253 3879 1390 3956 Theseus

799 4015 943 4100 Phyllida
966 4015 1175 4099 Demophoon,
1201 4017 1310 4098 hospes
1332 4014 1461 4094 uterque
1481 4012 1582 4076 malus
1605 4013 1666 4096 [lll
1688 4016 1738 4090 24,
1761 4017 1824 4104 43].

505 4150 660 4234 Singulari
692 4173 761 4217 vcro
796 4154 931 4217 carmine
961 4152 1039 4214 hanc
1067 4150 1203 4216 fabulam
1231 4150 1418 4214 tractaverat
1450 4166 1528 4212 unus
1564 4168 1600 4212 er
1628 4150 1732 4216 Ovidii
1767 4153 1979 4237 Propertiique

504 4287 693 4368 aequalibus,
716 4289 797 4352 sicut
821 4308 856 4351 ex
877 4289 1036 4372 poetarum
1061 4286 1148 4350 illius
1176 4286 1288 4349 aetatis
1311 4287 1539 4348 enumeratione
1565 4287 1645 4368 apud
1667 4288 1813 4354 Ouidium
1836 4293 1917 4372 [epp.
1942 4307 1978 4352 ex

506 4423 605 4486 Ponto
626 4422 670 4485 lV
696 4425 743 4501 16,
768 4424 820 4511 20]
844 4425 1006 4490 discimus:

758 4561 878 4642 Quique
900 4562 983 4626 canit
1005 4559 1156 4623 domitam
1180 4556 1361 4620 Camerinus
1383 4555 1421 4617 ab
1444 4553 1576 4618 Hercule
1599 4556 1724 4621 Troiam

838 4697 957 4778 Quique
983 4715 1038 4760 sua
1060 4713 1188 4760 nomen
1212 4691 1357 4775 Phyllide
1377 4691 1522 4754 Tuscus
1546 4693 1646 4757 habet.

506 4826 614 4892 Nonne
637 4833 780 4914 agnoscis
800 4831 1066 4914 Demophoontem
1085 4827 1262 4912 Propertii?

1060 5037 1082 5044 .-
1137 5035 1182 5041 .-.
1221 5025 1428 5048 000..-..,.-.
