5242 6520
1279 609 1486 680 ειυ-

643 802 673 866 ri
696 803 798 888 aliqua
820 801 926 866 addita
948 819 1024 877 esse,
1047 801 1201 882 legentem
1220 803 1368 883 cogitatio
1391 803 1493 867 subire
1516 803 1606 868 debet
1627 805 1716 885 quasi
1737 805 1771 868 iu
1793 803 1880 868 Ionio
1902 803 2117 867 tantummodo

644 938 722 1002 mari
750 942 859 1002 nautas
881 937 1019 1002 Caesaris
1046 955 1199 1000 memores
1230 955 1296 1000 esse
1326 937 1440 1000 deceat.
1486 939 1581 1003 Porro
1610 957 1679 1003 cum
1712 945 1823 1004 rrnntae
1850 939 1916 1004 sire
1936 938 1970 1002 in
1993 938 2117 1002 ltaliam

643 1076 832 1138 reuertentes
861 1075 926 1137 sire
949 1092 984 1136 eu
1006 1076 1096 1156 portu
1119 1073 1310 1155 egredientes
1333 1073 1473 1144 Caesaris
1498 1075 1681 1140 memoriam
1710 1077 1799 1158 grato
1820 1071 1920 1138 colere
1944 1074 2048 1138 animo
2069 1074 2119 1137 iu·

643 1210 787 1284 beantur,
816 1213 887 1291 apte
918 1227 953 1272 aa
981 1209 1152 1272 exhortatio
1179 1226 1248 1280 cum
1266 1207 1352 1272 ,ionii
1386 1209 1492 1274 uraris
1514 1211 1547 1274 et
1574 1210 1659 1274 sinus
1679 1209 1798 1274 Actiaci
1825 1207 2118 1273 commemoratione

646 1345 792 1426 coniungi
814 1347 934 1427 potest,
965 1344 1116 1426 siquidem
1149 1345 1188 1408 iis
1211 1345 1264 1425 qui
1290 1361 1344 1425 per
1371 1342 1446 1405 haec
1466 1343 1533 1424 ipsa
1555 1344 1623 1408 loca
1644 1349 1715 1408 ante
1736 1345 1826 1409 breve
1843 1349 1966 1425 tempus
1987 1343 2119 1406 immani

645 1481 728 1544 bello
751 1477 860 1544 uexata
882 1445 1030 1562 navigant
1051 1451 1159 1563 suapte
1179 1443 1288 1562 sponte
1301 1445 1441 1542 Caesaris
1463 1479 1590 1542 uictoris
1609 1478 1780 1544 recordatio
1804 1479 1835 1542 in
1857 1481 1992 1544 mentem
2015 1478 2118 1540 uenire

646 1617 745 1680 debet.
784 1615 854 1680 Nou
875 1613 963 1678 video
985 1617 1089 1678 autem
1113 1633 1171 1710 quo
1194 1616 1323 1680 consilio
1345 1616 1472 1710 totius
1494 1614 1573 1678 Ionii
1595 1617 1712 1680 mentio
1734 1613 1873 1678 subiecta
1891 1609 1950 1686 sit,
1973 1627 2032 1690 qua
2051 1611 2118 1672 ani-

645 1769 716 1813 mus
739 1771 756 1813 a
779 1753 880 1814 certae
902 1751 1036 1832 regionis
1057 1751 1246 1834 cogitatione
1267 1758 1460 1828 revocatur„
1506 1837 1508 1844 y

770 1885 957 1949 Insolentior
978 1885 1107 1968 risuique
1130 1888 1177 1950 est
1192 1873 1428 1970 praepositionis
1444 1889 1482 1950 in
1505 1903 1588 1961 usus,
1611 1884 1870 1968 quemadmodum
1890 1887 1966 1950 haec
1980 1888 2120 1970 exempla

645 2021 754 2084 docere
775 2022 917 2103 possunt:

855 2153 916 2218 Tot
936 2156 1047 2220 leviter
1065 2155 1201 2239 lymphis
1223 2161 1289 2220 tota
1312 2157 1533 2239 crepitantibus
1555 2156 1629 2220 urbe
1654 2155 1709 2244 [Ill
1734 2155 1785 2230 32,
1811 2158 1862 2240 15]

855 2291 929 2353 tras
952 2294 988 2354 ut
1010 2309 1114 2354 rumor
1136 2291 1182 2354 ait
1202 2257 1476 2374 totapuguabitur
1498 2291 1573 2356 urbe
1590 2290 1629 2380 [V
1653 2293 1682 2362 4,
1705 2291 1758 2377 471

854 2424 924 2489 Hoc
945 2429 1082 2490 serumst
1102 2431 1168 2491 tota
1191 2431 1222 2491 te
1245 2387 1327 2494 ferri.¹
1349 2387 1492 2512 Cynthia,
1516 2426 1635 2491 Roma?
1658 2427 1700 2516 [Π
1722 2429 1751 2500 5,
1779 2425 1808 2516 1]

856 2535 1710 2650 mmmumwmemmmmpumq
1908 2541 1911 2550 ’

855 2693 896 2758 Et
916 2699 970 2760 tua
991 2699 1033 2762 sit
1056 2701 1122 2763 toto
1146 2701 1280 2782 Cynthia
1302 2699 1381 2762 lecta
1404 2698 1468 2762 soro
1493 2696 1554 2780 [111
1577 2699 1627 2774 24,
1654 2695 1685 2784 2]

857 2829 981 2894 Luxerit
1003 2837 1034 2896 et
1056 2837 1122 2899 tota
1144 2835 1269 2899 flamma
1291 2835 1423 2899 secunda
1444 2834 1535 2899 domo
1560 2831 1615 2921 [IV
1645 2833 1693 2907 10,
1715 2832 1770 2914 20]

856 2967 894 3028 Et
917 2967 1064 3032 miserum
1087 2973 1153 3033 toto
1177 2970 1320 3034 iuvenem
1346 2987 1466 3034 uersare
1487 2969 1582 3033 cubili
1604 2968 1634 3052 [I
1658 2970 1706 3035 14,
1730 2966 1785 3048 211

856 3101 976 3178 Quanta
999 3104 1089 3166 illum
1111 3108 1177 3170 toto
1202 3109 1324 3170 versant
1345 3105 1479 3188 suspiria
1501 3105 1581 3168 lecto
1603 3103 1664 3186 {111
1687 3105 1737 3168 22.
1759 3099 1812 3188 47]

857 3235 1011 3318 Respondi
1033 3243 1065 3303 et
1084 3239 1151 3304 tcto
1173 3239 1324 3305 soluimus
1345 3259 1430 3304 arma
1450 3243 1518 3304 toro
1541 3237 1583 3321 {V
1604 3237 1633 3314 8,
1657 3238 1712 3321 88]

774 3372 1034 3454 praepositionem
1057 3392 1137 3445 vero,
1160 3355 1220 3455 qua
1246 3377 1324 3440 certi
1349 3375 1480 3439 alicuius
1523 3375 1583 3438 loci
1614 3372 1788 3437 adcuraticr
1814 3369 1944 3434 infertur
1970 3367 2119 3450 cogitatio

647 3511 713 3570 tum
733 3507 854 3571 addidit
876 3507 1063 3590 Propertius,
1095 3510 1147 3574 ubi
1177 3512 1240 3574 iam
1272 3512 1304 3574 in
1328 3511 1418 3576 verbo
1441 3512 1522 3577 uude
1543 3507 1729 3594 praepositio
1751 3507 1870 3588 regitur
1890 3503 1952 3568 loci
1970 3506 2119 3586 quaedam

646 3642 831 3724 significatio
855 3641 936 3704 inest
958 3644 1057 3708 redut:

899 3779 1011 3860 Aspice
1033 3783 1068 3842 ut
1087 3781 1119 3854 in
1141 3783 1206 3848 toto
1229 3781 1332 3845 nulius
1354 3780 1430 3842 mihi
1455 3798 1579 3863 corpore
1601 3780 1736 3861 surgat

986 3913 1119 3994 Spiritus
1142 3915 1201 4002 [ΙΙΙ
1221 3917 1271 3988 29,
1292 3917 1350 4000 37]

898 4047 977 4111 'l'um
999 4068 1108 4130 queror
1129 4051 1160 4114 in
1185 4055 1251 4115 toto
1272 4070 1332 4114 nou
1353 4051 1484 4114 sidere
1506 4049 1603 4133 pallia
1624 4047 1703 4110 lecto
1728 4049 1738 4128 Ι
1745 4045 1771 4106 V
1793 4045 1822 4118 3,
1838 4042 1902 4130 31].

645 4181 772 4244 Praeter
795 4181 850 4244 hos
873 4183 957 4266 locos
978 4185 1026 4248 bis
1048 4189 1175 4250 tantum-
1194 4186 1380 4268 praepositio
1402 4186 1572 4249 invenitur:

922 4319 1037 4384 Rumor
1059 4323 1091 4384 st
1109 4323 1140 4385 iu
1163 4325 1229 4384 tcta
1252 4339 1311 4384 uon
1333 4321 1429 4383 bouus
1453 4321 1526 4384 urbe
1550 4321 1609 4382 fuit
1632 4317 1759 4404 111132,
1782 4319 1837 4398 241

963 4503 969 4516 .
994 4504 1000 4517 .
1026 4503 1032 4518 .
1056 4503 1063 4518 .
1085 4459 1116 4518 et
1139 4459 1205 4518 tota
1227 4457 1310 4520 dicar
1332 4457 1363 4518 in
1386 4457 1459 4518 urbe
1482 4425 1674 4537 potensilll
1696 4453 1746 4528 26,
1769 4453 1824 4536 211

778 4587 867 4651 Patet
888 4588 951 4652 inm
973 4589 1005 4654 in
1029 4611 1063 4656 eo
1086 4608 1176 4671 quem
1199 4594 1367 4656 tractamus
1391 4610 1479 4656 versu
1497 4590 1757 4674 praepositionem
1770 4607 1829 4652 uon
1853 4607 1888 4651 ex
1903 4583 2120 4652 consuetudine

648 4722 802 4805 Propertii
832 4741 899 4787 esse
928 4723 1077 4798 additam,
1110 4725 1213 4806 itaque
1242 4725 1307 4791 iure
1336 4731 1439 4792 nostro
1470 4728 1500 4791 id
1527 4744 1672 4809 reponere
1701 4741 1879 4807 possumus,
1912 4719 1990 4801 quod
2009 4733 2120 4780 cuma

650 4855 741 4948 Petro
765 4857 893 4922 Frauoio
916 4866 1070 4943 repertum
1102 4866 1132 4924 et
1153 4861 1191 4924 ab
1214 4861 1439 4942 elegantissimi
1463 4862 1570 4927 iudicii
1597 4863 1661 4925 riro
1684 4859 1877 4924 Broukhusio
1899 4853 2056 4934 receptum
2078 4852 2123 4915 sit

648 5008 701 5053 cur
721 4994 907 5058 recentiores
929 4995 1062 5060 editores
1085 4997 1256 5079 spreverint
1280 4999 1357 5062 satis
1379 4999 1486 5062 mirari
1503 5016 1635 5079 nequeo:
