5244 6534
1286 617 1470 679 ..5-

639 807 663 871 ii
697 809 730 873 in
757 810 843 874 aliud
872 810 1065 874 incurrerunt
1092 809 1340 885 incommodum,
1376 810 1457 891 quod
1486 810 1554 874 ‘hoc
1576 810 1644 874 iter'
1666 812 1712 875 its
1734 808 1813 872 nude
1835 809 1971 892 positum
1995 813 2117 876 tantum

638 944 727 1008 abest
754 947 789 1008 ut
812 946 894 1010 viem
924 946 963 1010 ad
985 946 1138 1029 Propertii
1165 947 1401 1010 monumentum
1422 945 1510 1010 nobis
1532 947 1700 1020 monstret,
1734 949 1769 1009 ut
1792 947 1820 1008 is
1842 947 1896 1027 qui
1918 948 1994 1011 haec
2017 947 2117 1011 obiter

641 1080 725 1164 legat
746 1099 807 1146 non
828 1083 889 1146 nisi
911 1082 947 1146 tle
970 1082 1020 1146 vis
1041 1081 1098 1145 leti
1121 1081 1264 1146 omnibus
1286 1081 1383 1146 semel
1406 1080 1549 1146 calcanda
1572 1081 1762 1164 cogitaturus
1777 1082 1829 1146 sit.
1855 1083 1921 1146 lam
1938 1100 2117 1165 veroquam

640 1233 749 1298 parum
770 1217 894 1300 elegans
916 1219 948 1282 et
970 1217 1176 1282 intolerabilis
1189 1216 1232 1280 sit
1247 1216 1322 1280 haec
1340 1216 1510 1282 verbositas
1525 1234 1583 1300 qun
1599 1215 1733 1302 Cynthia
1751 1216 1914 1298 siquando
1930 1217 1967 1282 ad
1984 1221 2118 1281 mortem

582 1375 585 1382 Δ
640 1351 759 1415 venerit
780 1355 913 1417 mortem
935 1354 1116 1418 meminisse
1138 1351 1278 1415 iubeatur
1299 1353 1507 1436 unnsquisque
1529 1355 1626 1418 semel
1649 1353 1825 1417 admonitus
1847 1355 1969 1417 sentiet

757 1521 908 1617 ⁸Denique
930 1541 1000 1586 cum
1023 1524 1194 1586 sentcntiae
1216 1523 1317 1585 omnis
1340 1524 1388 1586 ris
1409 1524 1442 1586 in
1464 1542 1499 1587 eo
1522 1525 1597 1588 insit
1618 1527 1653 1586 ut
1675 1521 1807 1606 Cynthia
1830 1522 1967 1586 redire
1988 1524 2026 1586 ed
2042 1524 2117 1586 Pro-

640 1657 733 1739 pertii
760 1649 935 1741 sepulcrum
961 1657 1119 1734 iubeatur,
1149 1658 1184 1720 ut
1203 1657 1312 1720 mixtis
1334 1658 1455 1722 ossibus
1478 1675 1548 1722 ossa
1569 1659 1650 1723 teret
1672 1657 1714 1741 [V
1740 1657 1840 1746 7,94].
1870 1658 2065 1739 expectamus
2087 1656 2118 1718 id

641 1792 744 1874 ipsum
769 1794 874 1876 aperte
902 1793 1005 1875 potius
1033 1791 1202 1876 significari
1230 1811 1256 1876 a·
1270 1795 1362 1875 poeta
1381 1810 1474 1873 quam
1497 1793 1624 1858 obscure
1645 1793 1842 1859 subindicari
1887 1793 1995 1875 ltaque
2015 1795 2119 1856 muta·

641 1927 727 1991 tione
755 1945 830 2011 opus
852 1931 909 1992 est.
954 1927 1067 1992 Nescio
1093 1945 1164 1992 vero
1193 1947 1232 1990 an
1261 1927 1400 1990 faciliore
1423 1928 1542 1992 ratione
1564 1946 1669 1994 omnes
1691 1928 1763 1992 illas
1787 1929 1987 1994 difficultates
2008 1929 2119 2011 quibus

643 2063 753 2128 horum
786 2081 908 2128 versum
943 2063 1156 2146 interpretatio
1190 2062 1359 2147 impeditur
1390 2081 1547 2128 removere
1571 2064 1743 2147 possimus,
1772 2083 1864 2145 quam
1896 2065 1923 2128 si
1955 2083 2014 2128 una
2049 2067 2117 2128 tan·

642 2200 805 2276 tummodo
828 2197 969 2264 litterula
988 2197 1094 2263 addita
1116 2200 1301 2264 scribemus:

981 2334 1050 2397 Huc
1071 2333 1242 2400 iterumad
1266 2335 1385 2418 lapides
1407 2354 1483 2400 cana
1498 2335 1569 2398 ueni
1590 2353 1751 2400 memores.

772 2927 912 3009 Increpat
929 2928 1105 3010 Propertius
1120 2930 1263 3005 amicam,
1284 2927 1364 3009 quod
1387 2928 1517 2991 inlectos
1531 2928 1696 2992 Britannos
1712 2929 1862 2992 imitando
1884 2931 1975 3011 copul
1995 2931 2118 2992 externo

645 3067 745 3128 nitore
767 3065 870 3146 tingat
896 3069 928 3127 et
950 3069 1071 3147 turpem
1099 3069 1130 3130 in
1153 3067 1291 3132 Romana
1313 3065 1429 3130 l'emina
1450 3065 1585 3128 colorem
1607 3063 1768 3147 Belgicum
1798 3063 1895 3127 comis
1918 3063 2118 3126 ementiatur:

647 3198 708 3282 [Ill
732 3199 780 3274 18,
805 3197 870 3287 274

983 3340 1036 3403 Illi
1062 3340 1117 3404 sub
1139 3339 1229 3402 terris
1251 3339 1328 3402 liant
1349 3338 1432 3404 mala
1452 3337 1552 3400 multa
1574 3336 1694 3418 puellae

1066 3477 1150 3556 Quae
1173 3476 1304 3539 mentita
1325 3491 1396 3538 suus
1419 3473 1514 3536 restit
1532 3472 1634 3554 inepte
1657 3490 1770 3535 comas.

987 3611 1031 3674 lle
1061 3631 1111 3675 mo
1133 3613 1178 3675 mi
1200 3613 1282 3674 certe
1302 3611 1417 3693 poteris
1439 3610 1573 3672 formose
1595 3608 1701 3682 videri,

1066 3748 1111 3810 lli
1134 3749 1267 3811 formosa
1289 3745 1376 3819 satis,
1399 3743 1541 3806 simodo
1564 3761 1653 3826 saepe
1673 3744 1769 3808 renis.

651 3918 701 3980 An
731 3917 808 3980 eatis
838 3917 934 3981 latine
962 3917 1023 3982 dici
1051 3918 1150 4000 possit
1176 3917 1223 3980 ‘de
1250 3935 1300 3980 me
1330 3917 1409 3980 mini
1431 3916 1566 3979 somnosa
1587 3915 1685 3979 videri
1706 3917 1830 3999 poteris'
1853 3917 1970 3980 neseio:
2004 3914 2036 3978 iel
2059 3913 2123 3976 seio

649 4052 728 4116 hano
760 4054 947 4118 sententiam
978 4054 1015 4116 ‘ei
1044 4055 1135 4117 modo
1172 4071 1262 4135 enepe
1293 4053 1379 4117 uenis
1410 4052 1569 4135 poteris
1600 4052 1680 4116 milri
1712 4053 1847 4116 l'ormosa
1880 4049 2018 4116 videri*
2048 4047 2124 4112 satis

649 4188 753 4270 inepte
781 4205 847 4250 esse
875 4189 1105 4256 conlormatam.
1148 4185 1231 4252 Nam
1257 4190 1430 4254 amantium
1459 4189 1556 4254 indoli
1581 4189 1669 4254 unice
1690 4189 1798 4270 eptum
1820 4191 1868 4252 eet
1890 4190 1925 4253 ut
1946 4186 2125 4269 Propertius

650 4323 732 4388 dicut
769 4323 901 4388 amicam
938 4325 1016 4388 satis
1055 4323 1101 4388 sic
1136 4325 1302 4388 formosam
1342 4343 1427 4389 esse
1459 4325 1486 4388 si
1515 4343 1605 4407 saepe
1636 4323 1762 4386 venerit.
1807 4323 1876 4388 Hoc
1897 4324 1950 4406 qui
1971 4321 2126 4386 intellexit

652 4457 798 4522 Heinsius
820 4459 955 4542 eleganti
977 4467 1009 4524 et
1030 4459 1170 4543 perfacili
1192 4460 1405 4526 emendatione
1424 4461 1652 4546 pentametrum
1673 4459 1718 4522 sic
1738 4461 1895 4526 restituit:

1007 4596 1053 4660 Mi
1071 4597 1204 4660 formosa
1225 4597 1275 4660 sat
1298 4615 1340 4668 es,
1363 4595 1502 4660 simodo
1526 4611 1616 4675 saepe
1639 4594 1734 4657 venis.

653 4731 712 4795 Sed
747 4731 819 4813 quid
843 4748 923 4794 nuno
950 4731 1004 4794 liet
1037 4749 1126 4796 versu
1160 4731 1213 4813 qui
1245 4731 1422 4796 antecedit?
1465 4729 1546 4794 Nam
1572 4730 1662 4794 verbe
1689 4728 1742 4794 ‘de
1764 4750 1816 4795 me
1837 4733 1882 4796 mi
1905 4733 1987 4796 certe
2011 4729 2125 4813 poteris

652 4865 787 4930 formosa
814 4867 920 4930 videri'
949 4868 1000 4930 vix
1026 4867 1117 4932 aliter
1144 4868 1286 4952 intellegi
1313 4869 1442 4950 possunt
1463 4865 1523 4931 nisi
1547 4867 1607 4931 ita:
1637 4865 1718 4948 quod
1737 4869 1775 4931 ad
1798 4885 1848 4930 ine
1870 4866 1990 4930 adunet
2011 4866 2128 4948 poteris

652 5004 735 5065 certe
765 5001 845 5065 mihi
876 5002 1010 5066 formosa
1042 5003 1152 5076 rideri,
1187 5004 1331 5070 uidelicet
1361 5003 1388 5066 si
1408 5003 1529 5068 merulo
1552 5006 1620 5067 tirno
1642 5005 1781 5084 tempora
1803 5003 1942 5074 timeris,
1976 5001 2028 5064 sed
2052 5003 2129 5066 satis
