5242 6520
637 1912 730 2016 iloto
756 1941 1017 2014 ille'Pullianns
1044 1940 1104 2034 qui
1132 1941 1302 2036 optimum
1331 1941 1523 2012 senectutis
1537 1941 1687 2010 fructum
1715 1939 1750 2010 in
1779 1939 1872 2013 vitae
1888 1940 1975 2012 bene

421 2137 423 2142 ,
499 2105 600 2169 setae
621 2093 836 2169 conscientia
863 2095 1121 2188 multorumque
1147 2101 1241 2166 reete
1273 2093 1445 2166 foetorum
1472 2092 1715 2168 recordatione
1738 2095 1905 2190 ponebat,
1943 2091 1974 2166 si

499 2249 555 2322 his
581 2250 712 2323 nostris
740 2245 865 2320 diebos
891 2247 1037 2338 viveret
1060 2269 1169 2318 unum
1198 2253 1291 2318 eerte
1313 2241 1458 2318 adderet
1484 2246 1715 2338 commodum,
1744 2247 1836 2322 unde
1862 2247 1974 2320 iunio·

500 2425 577 2476 rum
601 2423 741 2496 qnoque
761 2400 885 2492 suboli,
908 2423 999 2494 quae
1025 2422 1105 2472 eum
1125 2399 1185 2492 qui
1212 2397 1257 2471 ad
1284 2419 1443 2471 summos
1469 2401 1597 2504 aetatis
1621 2400 1754 2498 gradus
1780 2399 1976 2476 escenderit

500 2557 656 2630 officiose
688 2555 771 2628 colit
800 2565 906 2647 atque
938 2553 995 2647 pie
1030 2563 1233 2644 veneratur,
1275 2551 1461 2627 utilitatem
1495 2552 1588 2626 hatrd
1620 2577 1707 2628 sane
1740 2552 1974 2650 spernendam

502 2732 626 2804 capere
653 2708 767 2780 liceat.
808 2709 888 2796 Qrio
920 2707 1000 2802 quis
1025 2706 1116 2780 euim
1137 2707 1278 2801 longius
1300 2704 1338 2778 in
1364 2706 1539 2780 hoevitae
1567 2708 1739 2788 eurrioulo
1763 2705 1976 2802 provehitur,

502 2885 543 2935 eo
578 2860 720 2955 saepius
755 2859 790 2929 iu
824 2859 982 2932 laborum
1019 2881 1272 2952 munerumque
1302 2870 1383 2932 ante
1419 2860 1625 2934 sollemnem
1654 2883 1825 2935 annorum
1856 2881 1976 2933 nume-

501 3037 577 3087 rum
613 3023 755 3085 strenue
786 3023 1029 3107 susceptorum
1057 3013 1290 3106 gnaviterque
1318 3023 1537 3106 peractorum
1565 3015 1734 3088 memoria
1767 3011 1977 3087 iucundissi-

501 3190 559 3238 ma
586 3167 729 3238 offertur
764 3165 865 3240 nohis
893 3165 1154 3262 opportunitas,
1191 3187 1262 3258 qua
1296 3164 1403 3240 vitam
1432 3167 1594 3240 omnibus
1622 3168 1763 3242 virtutis
1791 3169 1977 3241 bonarum·

500 3341 570 3412 que
596 3317 724 3390 artium
752 3319 967 3392 ornamentis
995 3317 1283 3391 florentissimam
1320 3341 1398 3392 oum
1432 3319 1664 3395 admiratione
1695 3321 1871 3394 intuentes
1906 3321 1978 3416 pie-

503 3473 587 3546 tatis
600 3469 860 3545 satisfaciamus
872 3471 996 3563 officio,
1020 3493 1090 3565 quo
1113 3472 1271 3545 strictius
1284 3474 1490 3567 gratiusque
1506 3474 1637 3548 homini
1656 3474 1741 3547 nihil
1757 3496 1837 3548 esse
1851 3483 1978 3568 potest.

502 3629 633 3700 Nostro
668 3626 773 3719 igitur
806 3627 961 3722 ipsorum
999 3626 1038 3698 lit
1073 3648 1211 3699 summo
1247 3625 1444 3719 commodo,
1472 3626 1565 3720 quod
1598 3626 1701 3701 hodie
1728 3649 1851 3700 rursus
1877 3627 1980 3702 nobis

503 3779 674 3874 contingit
707 3789 745 3850 ut
779 3791 882 3873 grata
908 3789 1025 3852 mente
1058 3779 1233 3872 laetisque
1256 3780 1385 3852 animis
1417 3780 1472 3854 'ue
1499 3780 1655 3852 salutare
1682 3779 1836 3874 'riuique
1863 3781 1981 3854 omnia

502 3937 619 4006 tausta
643 3935 776 4028 precari
806 3934 918 4006 liceat.
976 3931 1093 4006 Rediit
1127 3934 1220 4006 enim
1257 3934 1484 4028 sexagesima
1509 3933 1604 4006 illius
1638 3931 1707 4006 diei
1732 3934 1792 4005 lux
1819 3935 1981 4006 anrriver-

504 4087 608 4176 saria,
625 4109 694 4179 quo
718 4088 801 4160 olim
822 4088 867 4159 ab
891 4097 1010 4160 nostro
1033 4085 1155 4160 ordine
1178 4109 1336 4160 summos
1363 4087 1398 4157 in
1426 4085 1649 4181 philosophia
1666 4085 1815 4160 honores
1832 4085 1982 4182 adeptus

505 4263 554 4312 es.
607 4239 695 4312 Inde
720 4241 765 4312 ab
788 4240 849 4314 illo
871 4239 928 4314 die
958 4262 1062 4335 qnam
1091 4237 1268 4312 indefesso
1296 4238 1412 4312 studio
1447 4250 1647 4332 quantoque
1676 4262 1755 4312 cum
1781 4241 1895 4312 huetu
1924 4233 1980 4311 'ru

506 4394 632 4468 litteris
662 4393 792 4466 nosnis
819 4393 1066 4488 promovendis
1101 4417 1240 4467 omnem
1263 4393 1380 4465 'Puram
1417 4391 1593 4467 dioaveris
1629 4415 1772 4488 operam
1804 4402 1839 4465 et
1876 4415 1982 4487 quam

505 4547 723 4643 praeclaram
738 4571 780 4620 ae
800 4558 1017 4622 constantem
1033 4549 1253 4643 praestiteris
1270 4545 1374 4619 tidem
1396 4545 1511 4618 almae
1525 4555 1670 4618 nostrae
1685 4547 1788 4619 matri
1808 4544 1983 4642 Gryphis-

506 4701 688 4795 uraldensi
716 4701 816 4774 errius
839 4702 896 4774 'uu
923 4699 1248 4796 splendidissimum
1272 4723 1412 4796 semper
1433 4699 1531 4771 luisti
1554 4697 1662 4773 deeus
1693 4711 1729 4774 et
1758 4698 1984 4795 praesidium,

508 4879 585 4928 otim
621 4855 751 4929 nemini
785 4856 839 4928 rel
875 4875 998 4950 parum
1035 4854 1137 4928 doeto
1169 4855 1327 4949 ignotum
1359 4854 1407 4927 sit
1437 4876 1506 4927 non
1543 4867 1597 4930 est
1627 4877 1688 4928 eur
1721 4853 1842 4927 multis
1868 4853 1986 4926 verbis

508 5009 760 5102 praedicemus.
814 5007 905 5082 (lum
942 5030 1024 5080 vero
1058 5005 1142 5080 ordo
1172 5019 1291 5082 noster
1319 5008 1561 5081 constituisset
1589 5017 1629 5081 ut
1651 5008 1820 5102 seriptum
1844 5005 1986 5100 aliquod
